1828 3044
57 846 78 882 1
212 842 335 893 Saepe
375 854 421 881 ex
460 854 521 880 me
561 842 752 893 requiris,
793 842 902 881 Juste
933 842 1046 887 Fabi,
1089 854 1176 887 cur,
1217 854 1303 881 cum
1335 843 1468 893 priora
1499 843 1655 882 saecula

100 904 156 937 tot
180 899 437 937 eminentium
461 904 662 937 oratorum
685 899 858 948 ingeniis
880 898 1085 950 gloriaque
1108 898 1325 943 floruerint,
1349 904 1480 938 nostra
1499 899 1653 951 potissi-

97 967 204 994 mum
244 960 350 994 aetas
389 955 545 994 deserta
587 960 623 993 et
662 954 775 993 laude
807 954 1055 1006 eloquentiae
1088 954 1224 993 orbata
1256 956 1316 993 vix
1349 966 1492 994 nomen
1522 957 1674 1006 ipsum⁷

98 1012 267 1050 oratoris
298 1012 490 1055 retineat;
524 1022 652 1062 neque
684 1012 790 1049 enim
821 1012 873 1049 ita
906 1011 1147 1062 appellamus
1178 1012 1252 1049 nisi
1285 1012 1479 1062 antiquos,
1512 1011 1653 1050 horum

97 1074 227 1106 autem
260 1072 483 1117 temporum
515 1067 653 1105 diserti
685 1066 873 1105 causidici
906 1073 944 1105 ct
975 1067 1153 1106 advocati
1184 1073 1221 1106 et
1252 1071 1408 1118 patroni
1439 1073 1479 1106 et
1499 1067 1655 1117 quidvis

96 1124 229 1174 potius
260 1136 377 1174 quam
410 1129 586 1162 oratores
615 1129 821 1162 vocantur.
874 1125 939 1162 cui
969 1124 1260 1174 percontationi
1293 1130 1382 1162 tuae
1413 1123 1654 1175 respondere

96 1185 136 1219 et
174 1184 253 1218 tam
290 1191 455 1230 magnae
496 1180 740 1228 quaestionis
777 1179 930 1230 pondus
970 1181 1175 1230 excipere,
1215 1185 1259 1218 ut
1296 1185 1362 1218 aut
1400 1179 1447 1218 de
1487 1180 1655 1230 ingeniis

96 1237 244 1275 nostris
274 1234 375 1274 male
407 1235 706 1274 existimandum
737 1237 797 1282 sit,
833 1237 865 1274 si
897 1235 1002 1274 idem
1033 1237 1189 1287 assequi
1220 1248 1296 1274 non
1335 1248 1555 1287 possumus,
1588 1242 1654 1275 aut

97 1293 144 1331 de
176 1292 346 1336 iudiciis,
380 1293 412 1330 si
445 1292 640 1336 nolumus,
672 1293 735 1329 vix
757 1292 917 1347 lieffule
941 1291 1142 1336 auderem,
1175 1293 1208 1331 si
1230 1292 1325 1330 milii
1348 1304 1433 1330 mea
1455 1292 1653 1331 sententia

95 1348 333 1400 proferenda
367 1360 411 1386 ac
442 1360 521 1386 non
553 1348 905 1386 disertissimorum
938 1353 981 1386 ut
1010 1350 1157 1387 nostris
1181 1346 1427 1399 temporibus
1448 1347 1652 1387 hominum

96 1416 226 1443 sermo
249 1404 489 1455 repetendus
512 1409 626 1448 esset,
650 1416 750 1455 quos
771 1403 935 1443 eandem
958 1404 1058 1444 hanc
1074 1406 1346 1456 quaestionem
1364 1409 1653 1455 pertractantes

95 1461 248 1500 iuvenis
280 1459 489 1499 admodum
522 1459 665 1499 audivi.
711 1461 765 1499 ita
796 1473 873 1499 non
896 1462 1071 1510 ingenio,
1105 1461 1173 1499 sed
1196 1462 1386 1499 memoria
1410 1465 1447 1498 et
1468 1459 1653 1499 recorda-

96 1519 203 1556 tione
235 1529 334 1568 opus
365 1522 435 1560 est,
468 1521 523 1561 ut,
557 1528 657 1567 quae
689 1529 708 1555 a
739 1516 1088 1567 praestantissimis
1120 1517 1214 1555 viris
1247 1522 1284 1554 et
1315 1518 1537 1566 excogitata
1560 1515 1652 1555 sub—

97 1573 218 1612 tiliter
259 1578 297 1612 et
335 1572 437 1611 dicta
476 1573 646 1623 graviter
686 1574 837 1624 accepi,
878 1585 968 1612 cum
1001 1572 1165 1624 [singuli
1197 1571 1464 1614 diversascvel
1495 1568 1681 1616 easdem)

94 1630 163 1668 sed
195 1628 421 1681 probabiles
452 1641 590 1668 causas
623 1629 821 1674 afferrent,
855 1627 966 1682 dum]
1000 1629 1165 1668 sormam
1196 1628 1254 1667 sui
1277 1630 1447 1680 quisque
1470 1633 1508 1667 et
1529 1629 1653 1667 animi

95 1692 134 1725 et
172 1685 321 1736 ingenii
363 1684 596 1729 redderent,
638 1685 775 1723 iisdem
818 1697 923 1724 nunc
960 1686 1136 1737 numeris
1175 1685 1395 1735 iisdemque
1427 1683 1652 1724 rationibus

941 1734 1063 1784 Q

959 1813 999 1844 ut
1014 1810 1147 1844 nostris
1161 1810 1396 1853 temporibus:
1410 1809 1508 1843 diese
1522 1809 1651 1843 VVorte

911 1857 1144 1900 bezeichnen,
1172 1857 1253 1890 dass
1280 1857 1344 1891 der
1369 1856 1651 1900 vorangehende

143 1810 173 1844 J
174 1813 248 1844 uste
263 1809 372 1844 Fabi.
406 1810 511 1844 Nach
532 1810 652 1844 ciuem
666 1810 838 1853 hii-ufigen

94 1856 288 1891 Gebrauch
333 1857 397 1891 der
440 1857 624 1891 silbernen
655 1857 838 1891 Latinitut

93 1904 193 1938 steht
219 1904 282 1938 (101·
302 1904 476 1938 Βο11131110
497 1915 574 1938 vor
593 1904 677 1937 dem
697 1904 837 1938 Gentil-

93 1962 227 1985 namen
254 1951 380 1994 (ohne
407 1951 477 1985 (1011
504 1951 739 1988 Voruamenl,
766 1951 836 1985 wie

95 2010 173 2042 cap.
209 2002 250 2032 13
284 1998 471 2032 Secundus
505 1998 731 2042 Pomponius
762 1998 836 2032 und

94 2046 190 2088 Afro
215 2045 389 2079 Domitio.
442 2080 449 2082 ,

135 2093 267 2136 priora
294 2093 450 2134 saecula,
478 2092 510 2125 (1.
538 2092 573 2126 11.
601 2091 659 2126 die
686 2092 835 2126 (101Βο-

93 2139 292 2184 griindung
341 2139 404 2173 des
451 2139 657 2182 Principats
706 2150 835 2174 voran-

93 2186 287 2231 gehenden
338 2187 481 2229 Zeiten,
532 2186 643 2220 deren
691 2186 837 2221 Redner

94 2234 240 2277 antiqui
266 2235 430 2277 genanu‘c
455 2233 612 2267 werden.

141 2281 290 2322 deserta,
301 2280 494 2322 ‘verodet,’
506 2280 585 2314 eine
594 2280 836 2325 Fortsetzung

92 2327 157 2361 des
177 2328 290 2362 schon
311 2328 425 2362 durch
445 2328 636 2370 floruerint
652 2327 834 2372 3Πὲοᾶου-

92 2376 195 2409 tehen
211 2374 344 2418 Rinkes,
359 2375 475 2409 durch
489 2374 647 2408 welches
661 2374 725 2408 das
740 2375 834 2409 Zeit-

92 2421 187 2456 alt-er
218 2421 288 2456 mit
319 2422 438 2456 01110111
471 2422 592 2455 Acker
623 2421 836 2465 vergiichen

92 2468 195 2502 wird.

141 2516 320 2549 causidici
350 2519 382 2549 ct
413 2516 581 2549 adi-ocati
612 2519 644 2549 et
664 2517 836 2559 patroni:

92 2562 205 2596 schon
237 2562 337 2597 dicse
369 2562 584 2597 Ausdriicke
617 2562 754 2597 deuten
784 2563 835 2597 im

94 2609 236 2644 Voraus
261 2620 318 2651 an,
345 2609 428 2643 dass
454 2609 512 2643 die
534 2609 752 2654 Thatigkeit.
772 2610 836 2644 der

93 2656 240 2691 Redner
259 2656 322 2691 des
336 2656 585 2691 Kaiserreichs
599 2657 664 2690 auf
676 2657 834 2701 gei-icht-

93 2702 190 2737 liche
205 2703 519 2747 Verhandlungen
538 2704 762 2738 beschriinkt
775 2704 832 2738 ist.

141 2751 297 2794 ingeniis
311 2771 356 2774 —
370 2751 537 2785 iudiciis:
564 2751 692 2785 Krafte
706 2771 751 2775 —
766 2752 833 2786 Ge-

95 2797 278 2832 schmack.

913 1904 1122 1948 Superla‘tiv
1159 1916 1227 1937 11111·
1258 1903 1390 1938 1013111*
1423 1903 1652 1938 aufzufassen

911 1951 979 1991 sei,
1014 1951 1088 1985 und
1121 1950 1313 1985 enthalten
1339 1950 1398 1985 0111
1423 1950 1651 1985 unzweideu-

910 1999 1005 2043 tiges
1040 1998 1185 2032 t'rthess
1223 1998 1285 2032 des
1319 1998 1523 2032 Verfassers
1561 1997 1652 2032 iiber

910 2046 974 2079 das
1006 2045 1235 2079 Vcrhiiltniss
1267 2045 1331 2079 der
1362 2056 1480 2079 neuen
1513 2056 1555 2078 zu
1587 2044 1651 2079 der

909 2093 1010 2127 alten
1036 2092 1323 2127 Beredsamkeit.

956 2140 1166 2183 repetendus
1186 2142 1288 2174 esset:
1308 2139 1381 2183 vgl.
1397 2138 1470 2173 Cic.
1492 2138 1536 2172 de
1557 2139 1648 2173 orat.

912 2191 941 2229 1,
970 2191 1000 2230 6,
1028 2190 1090 2221 23:
1123 2190 1398 2231 repetamque
1423 2206 1469 2210 —
1495 2196 1536 2219 ea
1561 2195 1652 2229 qaae

908 2234 1089 2278 qnondam
1140 2234 1261 2277 accepi
1310 2234 1350 2267 in
1398 2235 1651 2267 nostrorum

908 2281 1124 2315 hominum
1191 2280 1651 2325 eloquentissimorum

909 2328 1156 2371 disputatione
1181 2338 1251 2362 esse
1276 2330 1427 2361 versata.

956 2379 988 2409 et
1023 2375 1140 2409 (mimi
1173 2378 1205 2408 et
1238 2375 1395 2418 ingenii:
1434 2373 1515 2407 dass
1545 2373 1650 2418 Jedes

910 2422 1027 2456 dieser
1064 2421 1197 2455 beiden
1234 2422 1382 2455 XVorter
1420 2419 1500 2455 hier
1536 2422 1651 2455 etwas

909 2469 1133 2504 Besondcres
1158 2468 1350 2510 bcdeutet,
1380 2467 1471 2512 geht
1495 2478 1560 2502 aus
1586 2467 1651 2502 der

910 2516 1151 2559 Verbiudimg
1182 2515 1297 2549 durch
1322 2518 1355 2549 et
1380 2535 1422 2539 —
1450 2518 1482 2548 et
1507 2515 1649 2550 hervor.

910 2564 1019 2597 Jcncs
1062 2562 1279 2597 bezeichnet
1317 2562 1375 2595 die
1413 2561 1465 2595 im
1502 2565 1649 2606 person-

909 2610 1031 2645 11011011
1039 2610 1206 2644 Verkehr
1219 2608 1520 2643 hervortre‘cende
1527 2608 1649 2644 Deuk-

908 2657 983 2691 und
1009 2656 1352 2700 Handlungsweise‚
1386 2655 1502 2691 dieses
1527 2655 1586 2690 die
1611 2655 1650 2689 in

909 2704 973 2738 der
1004 2703 1249 2747 Behandlung
1279 2703 1342 2737 des
1375 2702 1650 2747 Gegenstandes

908 2751 985 2785 sich
1005 2750 1274 2795 kuudgebende
1290 2749 1648 2794 Urtheilsfahjgkeit.

956 2798 1022 2832 Die
1048 2798 1189 2832 ommerz'
1215 2797 1295 2831 sind
1322 2797 1381 2831 die
1401 2796 1469 2831 mit
1488 2795 1649 2830 musika-
