1828 3044
757 71 1048 112 „19ff

133 181 230 221 alter
269 179 408 219 habitu
445 191 603 231 quoque
639 179 818 230 corporis
855 181 1123 226 contemptus.
1161 187 1233 226 per
1270 174 1410 213 multos
1447 175 1523 213 iam
1553 186 1676 214 annos

132 237 397 289 potentissimi
435 240 526 274 sunt
562 235 731 274 civitatis
767 245 830 278 ac,
870 232 994 271 donec
1032 231 1168 276 libuit,
1207 232 1408 282 principes
1438 231 1531 274 fori,
1571 243 1676 269 nunc

130 294 332 344 principes
374 293 416 330 in
458 291 636 330 Caesaris
672 290 842 329 amicitia
879 293 999 338 agunt
1035 293 1258 338 geruntque
1295 294 1433 325 cuncta
1473 293 1589 336 atque
1627 286 1675 325 ab

130 349 217 400 ipso
247 349 427 400 principe
459 359 548 386 cum
577 345 744 397 quadam
776 345 997 383 reverentia
1028 344 1257 394 diliguntur,
1289 345 1379 394 quia
1401 343 1674 394 Vespasianus,

131 404 368 444 venerabilis
411 415 531 442 senex
575 408 615 441 et
657 402 969 453 patientissimus
1007 401 1107 443 veri,
1154 399 1255 438 bene
1292 398 1483 449 intellegit
1523 405 1678 438 ceteros

131 461 290 513 quidem
322 461 469 498 amicos
500 471 590 497 suos
621 459 671 497 iis
701 458 784 501 niti,
816 469 916 508 quae
948 455 995 494 ab
1026 457 1112 507 ipso
1142 456 1366 506 acceperint
1396 467 1572 506 quaeque
1601 456 1678 505 ipsi

132 515 382 556 accumulare
413 520 452 554 et
481 516 521 553 in
554 515 648 553 alios
678 525 891 563 congerere¹
922 518 1148 563 promptum
1180 513 1250 555 sit,
1289 511 1516 550 Marcellum
1547 516 1678 550 autem

133 578 170 611 et
191 572 374 623 Crispum
404 571 580 610 attulisse
612 569 658 609 ad
690 570 903 609 amicitiam
934 581 1043 607 suam
1074 567 1178 619 quod
1210 579 1285 606 non
1317 579 1338 605 a
1368 568 1546 618 principe
1568 579 1678 605 acce·

130 629 263 680 perint
292 640 364 666 nec
395 628 517 677 accipi
548 627 682 678 possit.
721 627 929 664 minimum
951 626 1056 662 inter
1077 631 1135 662 tot
1155 636 1198 662 ac
1218 629 1325 662 tanta
1347 624 1477 662 locum
1498 623 1679 662 obtinent

130 685 325 735 imagines
355 695 399 722 ac
430 683 532 722 tituli
563 688 601 722 et
631 687 800 726 statuae,
834 693 934 732 quae
966 692 1093 731 neque
1124 681 1208 731 ipsa
1238 686 1369 718 tamen
1401 678 1676 729 negleguntur,

134 745 209 779 tam
242 739 403 779 hercule
435 751 549 790 quam
583 738 742 777 divitiae
775 744 813 776 et
843 749 950 787 opes,
983 749 1079 787 quas
1110 735 1263 774 facilius
1294 737 1470 774 invenies
1491 737 1559 787 qui
1580 736 1678 774 vitu-

131 801 246 848 peret
276 807 392 846 quam
423 797 490 846 qui
522 795 705 834 fastidiat.
752 794 814 832 his
844 795 964 843 igitur
994 798 1034 831 et
1065 791 1279 830 bonoribus
1310 797 1347 830 et
1378 793 1620 830 ornamentis
1642 796 1681 830 et

131 851 384 891 facultatibus
413 852 580 890 refertas
611 851 746 889 domos
777 861 912 888 eorum
944 850 1134 892 videmus,
1167 849 1231 899 qui
1262 860 1303 886 se
1335 848 1382 886 ab
1405 850 1566 887 ineunt-e
1589 847 1679 886 ado-

130 907 321 948 lescentia
353 910 479 946 causis
510 907 735 946 forensibus
766 912 804 945 et
834 907 1007 944 oratorio
1039 905 1166 943 studio
1198 904 1403 943 dederunt.

245 964 343 1003 Nam
381 964 553 1002 carmina
592 969 631 1002 et
669 974 822 1007 versus,
862 961 1008 1012 quibus
1044 966 1162 999 totam
1194 962 1310 999 vitam
1343 960 1542 999 Maternus
1571 959 1721 999 insu-9

132 1032 240 1060 mere
273 1025 381 1070 optat
413 1019 515 1069 (inde
548 1020 649 1058 enim
683 1021 809 1058 omnis
842 1018 952 1056 fluxit
983 1018 1119 1066 oratio)
1154 1029 1279 1068 neque
1309 1017 1536 1067 (lignitatem
1562 1013 1681 1055 ullam

133 1075 364 1116 auctoribus
394 1078 476 1115 suis
506 1075 717 1114 conciliant
748 1087 874 1126 neque
906 1075 1097 1112 utilitates
1127 1073 1247 1116 alunt,
1281 1072 1519 1123 voluptatem
1551 1078 1680 1111 autem

131 1132 312 1176 brevem,
344 1131 500 1171 laudem
531 1134 687 1171 inanem
719 1137 758 1169 et
788 1132 1073 1169 infructuosam
1104 1134 1412 1181 consequuntur.
1463 1129 1554 1167 licet
1584 1129 1682 1167 haec

131 1191 218 1240 ipsa
250 1194 289 1227 et
319 1201 418 1240 quae
450 1188 637 1240 deinceps
659 1188 837 1227 dicturus
859 1199 957 1229 sum,
990 1192 1229 1230 auresinae,
1262 1185 1449 1235 Materne,
1482 1189 1679 1234 respuant,

132 1247 197 1284 cui
238 1244 342 1283 bono
381 1249 457 1289 est,
497 1247 529 1283 si
563 1244 663 1295 apud
697 1249 733 1281 te
765 1246 1030 1293 Agamemnon
1064 1247 1129 1280 aut
1160 1241 1269 1280 Iason
1302 1242 1450 1281 diserte
1481 1241 1681 1292 loquitur?

131 1302 219 1353 quis
255 1300 344 1339 ideo
383 1300 539 1340 domum
580 1300 763 1338 defensus
803 1305 841 1338 et
881 1299 950 1337 tibi
990 1294 1187 1348 obligatus
1218 1298 1344 1337 redit?
1389 1299 1478 1349 quis
1511 1297 1683 1336 Saleium

129 1443 366 1484 paternorum
415 1440 587 1474 bonorum
630 1439 871 1473 substantiam

130 1487 193 1522 bei
217 1486 387 1522 Aurelius
412 1486 540 1521 Victor
564 1486 639 1519 und
665 1486 871 1520 substantia

131 1535 186 1569 rei
209 1534 408 1577 familiaris
432 1533 494 1568 bei
517 1533 663 1567 Paulus.

173 1581 464 1625 patientissimus
501 1581 593 1614 veri:
631 1590 668 1614 es
704 1579 754 1614 ist
787 1579 871 1614 dem

131 1628 261 1663 Kaiser
280 1628 384 1662 nicht
402 1627 660 1672 unangenehm
674 1639 717 1660 zu
730 1626 872 1669 wissen,

132 1675 215 1710 dass
248 1674 348 1710 seine
382 1674 517 1709 beiden
551 1676 672 1708 ersten
706 1673 872 1708 Freunde

131 1722 237 1757 nicht
259 1721 376 1765 Alles‚
403 1732 478 1755 was
504 1721 557 1755 sie
581 1721 761 1764 besitzen‚
793 1721 872 1754 ihm

132 1781 176 1804 zu
199 1768 413 1804 verdanken
437 1768 570 1802 haben.

179 1816 275 1860 quod
299 1815 399 1850 steht
423 1811 498 1849 ἀπὸ
526 1815 656 1849 κοινοῦ
683 1815 737 1849 als
757 1816 871 1849 Accu—

131 1863 228 1898 sativ
264 1875 308 1897 zu
341 1863 540 1906 acceperint
566 1862 641 1896 und
666 1862 719 1896 als
744 1862 871 1896 Nomi-

131 1910 235 1945 nativ
259 1922 303 1944 zu
329 1910 447 1953 accipi
465 1910 593 1953 possit.

178 1957 275 1992 inter
298 1960 349 1991 tot
371 1967 414 1990 ac
432 1960 547 1990 tanta.
586 1957 637 1991 Is‘c
656 1956 715 1990 die
735 1955 870 1990 Ueber-

131 2004 314 2048 lieferung
338 2003 567 2046 unverseh1t‚
603 2014 642 2038 so
668 2003 767 2038 steht
791 2003 871 2038 hier

267 2050 571 2085 ausnahmsweise
615 2053 666 2084 tot
701 2050 761 2084 fiir
798 2053 871 2084 tam

131 2099 247 2133 multa
279 2097 366 2133 oder
397 2101 448 2131 tot
473 2108 516 2132 ae
540 2100 646 2131 tanta
669 2097 728 2131 fiir
753 2101 804 2131 tot
830 2108 872 2132 ac

132 2149 255 2180 tantas
285 2155 350 2179 res.
394 2144 596 2179 Vielleich‘n
624 2144 674 2179 ist
703 2144 872 2179 indessen

132 2205 177 2227 zu
201 2191 407 2227 schreiben:
434 2195 484 2226 tot
510 2202 552 2226 ac
575 2195 680 2225 tanta
694 2192 871 2235 praemia.

178 2239 354 2284 imayines
391 2249 420 2273 e.
460 2251 494 2283 q.
533 2251 577 2272 s.:
622 2238 874 2273 Ahnenbilder

132 2286 204 2321 mit
226 2285 489 2329 Aufschriften,
515 2285 590 2319 und
616 2285 838 2320 Bilds'aulen.

179 2343 271 2378 quas
306 2333 455 2376 facilius
493 2333 651 2366 invenies
688 2343 718 2367 e.
757 2345 790 2377 q.
827 2345 870 2367 s.:

135 2392 172 2416 es
202 2380 306 2425 giebt,
335 2380 439 2414 mehr
463 2379 598 2422 Lente,
630 2379 770 2414 welche
802 2379 846 2414 de

133 2427 357 2462 Reichthum
375 2426 512 2468 tandem,
535 2426 621 2461 weil
640 2437 679 2461 er
698 2439 741 2460 zu
760 2426 873 2462 bosen

133 2474 354 2519 Neigungen
374 2473 554 2516 verfiih1e‚
580 2473 634 2507 als
653 2473 786 2516 solche,
814 2474 872 2508 die

134 2521 260 2556 seinen
284 2520 403 2555 Besitz
429 2520 548 2555 selber
572 2521 847 2555 verschm'ahen.

181 2569 238 2602 his
255 2568 380 2612 iqitur.
406 2567 477 2602 Mit
493 2567 632 2602 diesem
647 2579 871 2602 zusammen-

133 2615 330 2650 fassenden
350 2614 455 2649 Satze
475 2614 643 2649 schliesst:
655 2615 754 2659 Aper
773 2615 872 2650 seine

134 2661 303 2697 Lobrede
329 2661 394 2696 auf
417 2661 474 2696 die
501 2661 786 2697 Beredsamkeit.
825 2662 873 2696 Es

134 2709 232 2754 folgb
267 2708 337 2743 mit
370 2708 440 2743 den
470 2708 642 2743 Worten:
679 2720 765 2743 nam
796 2720 872 2743 car-

134 2757 236 2791 mina
260 2767 291 2791 e.
312 2767 345 2800 q.
367 2767 392 2790 s.
419 2754 473 2790 als
493 2754 728 2800 Gegensbiick
748 2755 874 2790 hierzu

136 2803 218 2838 eine
248 2802 652 2847 Auseinandersetzung
688 2803 780 2838 fiber
814 2803 872 2838 die

942 1437 1274 1473 Unfruehtbarkeit:
1334 1437 1398 1471 der
1458 1436 1684 1471 Diehtkunst

943 1487 986 1529 (c.
1013 1489 1045 1525 9,
1076 1486 1142 1528 10).
1180 1484 1259 1519 Den
1287 1484 1433 1518 Schluss
1458 1484 1577 1518 bildet
1601 1483 1682 1518 eine

942 1532 1121 1576 krffltige,
1154 1531 1383 1576 personliche
1410 1531 1683 1575 Aufforderung

943 1591 990 1614 an
1022 1579 1092 1614 den
1117 1579 1323 1620 Maternus,
1355 1578 1432 1612 sich
1457 1578 1594 1613 wieder
1618 1577 1683 1612 der

943 1626 1201 1661 rednerischen
1280 1625 1497 1669 Thatigkeit
1578 1636 1682 1659 zuzu-

944 1674 1109 1708 wenden.

991 1721 1076 1755 inde
1118 1720 1212 1754 enim
1255 1720 1370 1753 omnis
1412 1720 1522 1763 fluxit
1565 1719 1683 1753 oratio

944 1768 1058 1812 vergl.
1087 1766 1159 1802 Cic.
1187 1767 1286 1801 Brut.
1315 1770 1375 1809 55,
1411 1771 1495 1801 201:
1529 1778 1552 1800 α
1579 1765 1684 1800 Cotta

944 1819 975 1850 et
995 1815 1160 1858 Sulpicio
1185 1815 1270 1848 haec
1292 1814 1406 1848 onmis
1425 1814 1536 1857 fluoeit
1554 1813 1682 1848 oratio.

990 1873 1100 1906 ‘neque
1125 1862 1300 1895 utilitates
1326 1861 1449 1896 alunt:
1477 1861 1587 1895 ‘noch
1613 1860 1682 1894 zie-

943 1910 1015 1944 hen
1053 1909 1104 1943 sie
1135 1908 1325 1943 Vortheile
1363 1908 1457 1949 auf;’
1497 1908 1558 1943 ein
1588 1907 1683 1941 bild-

942 1956 1058 1991 licher
1089 1955 1298 1998 Ausdruck,
1336 1955 1460 1989 indem
1499 1955 1557 1989 die
1590 1954 1683 1988 Vor-

943 2003 1057 2038 theile
1101 2003 1155 2037 als
1191 2002 1361 2037 Pflanzen
1405 2002 1492 2037 oder
1528 2001 1683 2036 lebende

943 2051 1079 2084 Wesen
1110 2050 1185 2084 und
1211 2049 1269 2084 die
1295 2049 1519 2084 Dichtkunst,
1543 2049 1597 2083 als
1623 2048 1683 2083 ch’e

943 2097 1127 2142 Pflegerin
1164 2096 1357 2131 derselben
1388 2097 1549 2141 gedacht
1579 2095 1682 2130 wird.

944 2144 1149 2189 Uebrigens
1179 2144 1271 2178 wird
1302 2144 1382 2178 hier
1413 2144 1580 2186 Iahnlich‚
1613 2143 1682 2177 wie

945 2203 974 2226 c.
1002 2195 1022 2226 5
1048 2192 1086 2226 in
1112 2191 1176 2226 der
1195 2191 1360 2225 Lobrede
1386 2191 1452 2225 auf
1475 2191 1533 2225 die
1553 2189 1699 2231 Beredr

945 2239 1114 2281 samkeit,
1140 2239 1313 2283 dignitas,
1333 2238 1487 2280 utilitas,
1505 2238 1685 2281 voluptas,

945 2287 1026 2320 laus
1050 2285 1341 2320 unterschieden.

992 2334 1052 2367 cui
1079 2334 1169 2367 bono
1195 2337 1259 2375 est,
1286 2332 1487 2367 wiederum
1512 2331 1572 2365 ein
1593 2330 1683 2376 juri-

945 2380 1099 2415 stiseher
1124 2379 1327 2414 Ausdruck.
1367 2379 1490 2423 Vergl.
1518 2378 1591 2413 Cic.
1617 2389 1684 2423 pro

944 2427 1050 2462 Rosc.
1089 2428 1210 2461 Amer.
1251 2437 1327 2471 cap.
1368 2430 1405 2461 5:
1445 2428 1618 2460 accusant
1654 2425 1684 2459 ii

945 2475 1106 2518 quibus
1137 2474 1252 2508 occidi
1276 2477 1419 2517 patrem
1451 2473 1532 2507 Sex.
1558 2471 1685 2506 Roscii

946 2522 966 2555 b
975 2532 993 2555 ο
1001 2533 1026 2555 n
1034 2532 1054 2555 ο
1072 2522 1095 2563 f
1096 2533 1120 2555 u
1128 2522 1142 2555 i
1150 2525 1171 2554 t.
1212 2521 1275 2555 Bei
1290 2521 1390 2555 einer
1402 2519 1685 2564 Untersuehung

945 2568 1036 2603 iiber
1055 2568 1160 2603 Mord
1186 2578 1262 2602 war
1283 2568 1342 2601 fiir
1361 2567 1419 2602 die
1439 2566 1686 2611 Entdeekung

946 2615 1009 2650 des
1035 2615 1190 2650 Thaters
1215 2626 1287 2649 von
1313 2614 1535 2649 besonderer
1559 2613 1683 2648 Wich-

944 2662 1083 2707 tigkeit
1108 2662 1166 2696 die
1192 2662 1326 2706 Frage:
1360 2662 1419 2696 eui
1445 2662 1535 2696 bono
1559 2661 1682 2704 fuerit,

946 2709 980 2743 d.
1001 2710 1035 2743 h.
1063 2720 1156 2743 wem
1177 2709 1242 2743 der
1261 2709 1340 2743 Tod
1361 2709 1423 2743 des
1443 2707 1682 2743 Ermordeten

946 2768 1028 2790 zum
1054 2756 1197 2791 Nutzen
1222 2756 1388 2801 gereicht
1412 2755 1518 2791 habe.

994 2804 1094 2847 apud
1119 2807 1161 2847 te,
1187 2803 1221 2838 d.
1248 2804 1283 2838 h.
1310 2803 1347 2837 in
1372 2802 1574 2848 tragoediis
1597 2801 1681 2837 buis.

1356 2861 1402 2896 2ss
