1828 3044
801 81 1091 122 ,32-

174 202 262 229 cum
292 187 539 240 temporibus
568 188 715 226 formas
744 199 901 238 quoque
932 192 971 225 et
1000 197 1144 236 genera
1175 187 1341 226 dicendi.
1389 190 1444 226 sic
1467 188 1603 227 Catoni
1633 189 1719 227 seni

174 250 422 296 comparatus
452 244 492 283 C.
523 243 722 283 Gracchus
753 242 906 294 plenior
937 248 974 280 et
1003 242 1177 287 uberior,
1210 243 1264 281 sic
1286 243 1462 282 Graccho
1493 244 1651 295 politior
1682 251 1720 284 et

173 303 347 342 ornatior
370 302 544 347 Crassus,
576 301 633 338 sic
665 305 833 350 utroque
860 298 1083 337 distinctior
1104 305 1142 338 et
1164 298 1350 337 urbanior
1372 305 1411 338 et
1431 298 1546 338 altior
1568 299 1717 344 Cicero,

174 358 361 397 Cicerone
392 357 525 395 mitior
556 356 747 395 Corvinus
777 360 816 392 et
845 354 996 393 dulcior
1027 361 1065 394 et
1095 357 1135 394 in
1167 354 1297 394 verbis
1328 356 1452 405 magis
1484 354 1716 395 elaboratus.

172 426 246 452 nec
291 424 438 464 quaero
488 413 574 463 quis
621 411 927 454 disertissimus;
975 410 1048 449 hoc
1087 413 1246 450 interim
1286 410 1474 460 probasse
1513 417 1720 451 contentus

173 481 279 514 sum,
313 480 391 508 non
422 479 505 506 esse
537 480 659 506 unum
690 466 936 518 eloquentiae
968 466 1128 511 vultum,
1162 467 1228 506 sed
1260 468 1300 505 in
1332 465 1407 504 illis
1437 479 1591 518 quoque
1622 479 1720 518 quos

171 526 317 564 vocatis
348 526 531 574 antiquos
562 524 696 574 plures
726 524 879 573 species
903 523 1158 574 deprehendi,
1191 535 1263 561 nec
1285 524 1416 561 statim
1439 523 1614 562 deterius
1635 534 1721 562 esse

171 582 273 633 quod
306 581 500 619 diversum
534 585 604 623 est,
637 580 728 617 vitio
760 583 891 617 autem
922 578 1176 629 malignitatis
1197 580 1388 617 humanae
1411 584 1541 617 vetera
1564 591 1719 630 semper

171 640 211 677 in
243 637 369 682 laude,
402 637 625 687 praesentia
656 636 696 673 in
728 634 884 673 fastidio
916 647 1013 673 esse.
1055 647 1147 674 num
1178 635 1402 674 dubitamus
1433 636 1621 680 inventOS,
1653 636 1719 686 qui

171 706 242 745 pro
274 692 418 732 Catone
450 693 616 743 Appium
650 691 816 729 Caecum
857 689 1018 743 [magis]
1055 692 1317 730 mirarentur?
1367 692 1458 730 satis
1488 696 1640 730 constat
1671 703 1719 730 ne

172 750 349 789 Ciceroni
387 748 542 799 quidem
576 747 866 786 obtrectatores
897 747 1090 792 defuisse,
1133 746 1277 798 quibus
1308 747 1465 786 inflatus
1496 753 1534 785 et
1564 753 1719 796 tumens

172 817 245 843 nec
282 806 377 843 satis
415 816 597 855 pressus,
646 803 712 842 sed
753 815 870 853 supra
910 803 1067 841 modum
1107 803 1283 841 exultans
1322 808 1361 841 et
1398 803 1644 853 superfluens
1682 808 1721 842 et

171 873 312 913 parum
342 862 493 899 Atticus
529 861 747 898 videretur.
794 858 942 908 legistis
983 860 1116 910 utique
1154 864 1193 897 et
1224 857 1328 898 Calvi
1369 865 1407 897 et
1438 858 1549 898 Bruti
1581 859 1627 897 ad
1659 859 1721 898 Ci-

172 928 358 957 ceronem
398 918 538 955 missas
575 915 778 967 epistulas,
821 927 864 953 ex
898 915 1042 965 quibus
1073 914 1188 954 facile
1220 919 1278 953 est
1308 914 1603 964 deprehendere
1636 915 1720 954 Cal-

171 985 262 1012 vum
300 973 457 1024 quidem
489 972 668 1012 Ciceroni
709 973 833 1010 visum
867 983 1082 1022 exanguem
1115 976 1152 1009 et
1183 971 1356 1015 aridum,
1396 970 1558 1010 Brutum
1590 976 1720 1010 autem

172 1032 339 1068 otiosum
380 1034 498 1079 atque
538 1028 778 1071 diiunctum,
828 1039 1042 1079 rursusque
1082 1027 1310 1066 Ciceronem
1349 1037 1368 1064 a
1411 1026 1523 1066 Calvo
1561 1027 1721 1078 quidem

172 1084 271 1125 male
310 1085 465 1124 audisse
504 1090 700 1135 tamquam
741 1083 910 1122 solutum
951 1089 989 1122 et
1027 1095 1229 1129 enervem,
1277 1095 1296 1121 a
1329 1082 1449 1121 Bruto
1489 1086 1638 1128 autem,
1677 1089 1721 1122 ut

172 1144 300 1193 ipsius
330 1141 462 1179 verbis
491 1147 592 1183 utar,
626 1146 820 1191 tamquam
853 1141 1023 1179 fractum
1056 1145 1171 1190 atque
1203 1138 1411 1178 elumbem.
1453 1139 1485 1178 si
1515 1151 1577 1177 me
1599 1141 1721 1178 inter-

171 1210 307 1248 roges,
345 1209 483 1236 omnes
522 1196 615 1235 mihi
656 1196 835 1235 videntur
873 1208 1008 1234 verum
1041 1196 1199 1234 dixisse.
1251 1195 1319 1234 sed
1351 1207 1440 1233 mox
1471 1195 1516 1234 ad
1549 1195 1722 1246 singulos

172 1255 340 1303 reniam,
372 1264 477 1291 nunc
509 1253 604 1291 mihi
637 1265 724 1291 cum
758 1252 954 1291 universis
985 1254 1187 1301 negotium
1219 1256 1288 1289 est.

106 1312 155 1349 19
285 1310 380 1349 Nam
422 1309 626 1360 (quatenus
665 1310 916 1359 antiquorum
949 1308 1208 1346 admiratores
1238 1308 1343 1346 hunc
1374 1307 1479 1346 velut
1509 1308 1721 1346 terminum

173 1366 418 1417 antiquitatis
461 1367 703 1404 constituere
742 1365 882 1417 solent)
926 1362 1009 1416 [qui
1051 1376 1174 1415 usque
1214 1362 1278 1415 ad]
1319 1363 1492 1402 Cassium
1534 1363 1721 1418 Seyerum

983 1495 1037 1528 1111
1076 1494 1267 1528 Ausdruek
1312 1493 1358 1527 ist
1402 1505 1445 1527 zu
1487 1493 1722 1538 vergleichen

984 1549 1061 1585 cztp.
1090 1545 1150 1575 ⁴23:
1177 1542 1240 1584 qui
1266 1541 1450 1574 Lucilium
1469 1550 1541 1583 pro
1564 1540 1722 1575 Horatio

218 1497 270 1531 sie
291 1496 422 1531 Catoni
446 1496 523 1530 seni
549 1508 577 1529 e.
599 1507 632 1539 q.
655 1508 698 1529 sn:
725 1495 807 1529 Yon
827 1495 910 1529 «lem

172 1544 272 1578 alten
310 1543 400 1577 Cato
444 1543 499 1576 bis
537 1542 602 1576 anf
637 1542 812 1576 Corvinus
850 1543 910 1576 be-

175 1591 340 1625 zeichnet
390 1590 496 1635 jeder
544 1589 716 1632 folgende
771 1589 911 1623 111111161-

173 1637 384 1682 gegeniiber
445 1637 528 1671 dem
586 1636 911 1679 vorhergehenden

173 1685 279 1719 einen
304 1684 534 1718 Fortschritt.

221 1732 259 1766 C.
275 1731 469 1765 Gracchus.
502 1730 623 1764 Ueber
642 1730 706 1764 11111
722 1729 793 1764 Cic.
810 1730 909 1764 Brut.

174 1783 235 1821 33,
283 1783 366 1812 125:
411 1778 487 1812 noli
525 1781 659 1821 putare
702 1788 911 1821 quemquam

166 1826 410 1869 pleniorem
443 1828 479 1858 et
518 1825 759 1859 uberiorem
785 1825 833 1858 acl
859 1825 911 1858 (Ζὶ-

173 1873 324 1907 eemlum
348 1873 469 1914 fuisse.

219 1919 262 1954 L.
279 1919 447 1953 Licinius
463 1918 627 1960 Crassus,
641 1918 705 1952 der
718 1918 912 1952 Vorliinfcr

173 1966 236 2000 des
262 1966 398 2009 Cicero,
425 1976 500 1999 war
526 1965 644 1999 neben
664 1965 711 1999 M.
733 1965 913 1999 Antonius

173 2013 238 2048 der
270 2013 480 2058 gefeiertste
507 2012 651 2047 Retinet
677 2012 795 2046 seiner
822 2012 911 2045 Zeit.

174 2060 259 2095 Sein
279 2061 543 2104 Hauptvorzng
568 2071 690 2093 waren
713 2059 811 2093 scine
833 2070 911 2092 ans-

173 2107 402 2152 gebreiteten
418 2107 636 2141 Kenntnisse
653 2106 691 2140 in
706 2106 775 2140 den
790 2106 911 2139 Hiilfs-

173 2154 471 2188 wissenschaften
519 2154 582 2187 der
624 2153 912 2195 Beredsamkeit,

173 2201 399 2235 namentlieh
437 2200 502 2234 anf
537 2201 620 2234 dem
658 2200 811 2235 Gebiete
850 2200 913 2234 des

174 2248 430 2293 biirgerlichen
458 2248 603 2281 Rechts.

222 2307 310 2329 num
341 2296 550 2329 dubitamus
580 2295 741 2328 inventos
768 2305 797 2327 e.
825 2306 858 2338 q.
886 2306 911 2327 s.

174 2343 342 2376 dubitare
378 2342 428 2376 im
468 2341 663 2386 negativen
697 2341 806 2375 Sinne
845 2341 914 2374 mit

174 2389 386 2433 folgenden]
406 2400 480 2423 aec.
502 2400 530 2422 c.
551 2388 626 2431 inf„
647 2388 772 2432 hiinfig
791 2388 828 2421 111
843 2388 913 2422 don

174 2436 414 2470 historischen
437 2435 631 2470 Schriften.
654 2455 694 2459 —
717 2435 772 2469 Da.
797 2435 914 2469 dieser

176 2483 260 2517 Satz
280 2483 360 2517 eine
381 2482 623 2526 Anwendung
642 2483 705 2516 der
719 2482 764 2515 W
768 2482 914 2516 ahrheit

175 2530 294 2573 giebt,
333 2530 414 2564 dass
452 2530 515 2563 der
550 2529 697 2563 Mensch
733 2529 796 2563 das
828 2529 913 2563 Alte

175 2589 218 2610 zu
252 2577 377 2620 loben,
417 2577 481 2610 das
512 2576 793 2621 Gegenwiiitige
825 2575 913 2609 aber

175 2623 455 2658 herabzusetzen
480 2623 582 2666 liebt,
610 2635 648 2657 so
672 2623 719 2657 ist
739 2623 804 2657 der
824 2622 912 2656 Sinn

174 2670 381 2715 folgender:
418 2670 527 2704 ‘auch
559 2683 608 2704 zu
641 2670 722 2704 den
756 2669 911 2704 Zeiten

176 2717 251 2751 des
278 2717 386 2752 Cato
418 2729 514 2751 mnss
543 2729 580 2751 es
605 2717 720 2751 Lente
746 2717 911 2761 gegeben

175 2764 306 2806 haben,
333 2764 391 2798 die
417 2766 556 2798 anstatt
581 2764 698 2798 seiner
721 2764 791 2798 den
811 2764 909 2798 alten

175 2811 316 2855 Appius
360 2811 495 2845 Caecus
538 2811 826 2845 bewnnderten.'
868 2831 910 2834 —

984 1592 1015 1622 et
1040 1589 1249 1622 Lucretium
1273 1598 1341 1631 pro
1375 1587 1531 1632 Virya'lio
1557 1587 1688 1631 lequnt.

1032 1647 1074 1668 ne
1108 1635 1272 1669 (L'ieeroni
1303 1635 1443 1678 quidem
1474 1634 1723 1669 obtrectatores

984 1683 1148 1725 defuisse.
1192 1682 1273 1715 Den
1305 1681 1431 1715 Cicero
1469 1680 1615 1725 griffen,
1653 1681 1722 1716 wie

986 1730 1108 1771 Quint.
1129 1731 1198 1772 (12,
1223 1733 1275 1771 10,
1298 1730 1354 1771 12)
1375 1730 1466 1773 sagt,
1493 1728 1604 1762 sehon
1623 1728 1722 1762 seine

985 1777 1244 1819 Zeitgenossen
1285 1787 1331 1809 1111
1369 1779 1409 1808 ut
1446 1775 1723 1809 tumidiorem

984 1828 1015 1858 et
1042 1824 1258 1857 Asianum
1283 1826 1314 1856 et
1342 1822 1597 1856 redundantem
1625 1826 1657 1856 et
1681 1822 1721 1856 in

984 1871 1256 1914 repetitionibus
1286 1870 1439 1902 ozinm'mn
1464 1873 1496 1902 et
1520 1870 1561 1902 in
1586 1869 1724 1903 salibus

984 1918 1182 1961 aliquando
1216 1916 1394 1960 s'rz'yiclam
1425 1919 1457 1950 et
1487 1917 1528 1949 in
1553 1917 1722 1960 composi-

984 1966 1079 1998 tione
1121 1965 1295 2006 fractum,
1345 1964 1632 2006 eaeztltantevt,
1680 1973 1723 1998 ac

981 2022 1106 2057 paene,
1135 2012 1229 2055 qaod
1248 2011 1378 2054 procul
1405 2011 1509 2052 absit,
1534 2011 1613 2044 viro
1638 2011 1722 2045 mol-

986 2060 1117 2093 liorem.

1032 2106 1184 2140 otiosum
1217 2108 1321 2149 atque
1346 2105 1567 2145 cliiunetmn,
1604 2103 1721 2149 ‘lang-

984 2153 1108 2197 weilig
1152 2152 1225 2186 und
1265 2151 1462 2186 zerhackt.’
1517 2151 1590 2185 Das
1629 2153 1722 2186 erste

984 2200 1156 2234 Priidicat
1180 2199 1327 2233 bezieht
1353 2198 1430 2233 sich
1455 2197 1520 2232 auf
1542 2198 1600 2232 die
1621 2198 1722 2233 lenti-

985 2248 1072 2281 tudo
1098 2258 1140 2280 ae
1166 2250 1275 2289 tepor,
1302 2245 1389 2279 zwei
1414 2245 1556 2287 Fehler,
1583 2245 1722 2281 welche

986 2294 1069 2328 dem
1094 2294 1228 2327 Brutus
1255 2304 1330 2337 cap.
1359 2296 1400 2326 21
1429 2303 1500 2326 von
1520 2293 1618 2336 Aper
1643 2304 1721 2327 vor-

987 2340 1173 2385 geworfen
1204 2340 1367 2379 werden,
1406 2339 1470 2373 das
1501 2339 1629 2374 zweite
1660 2339 1726 2374 auf

986 2388 1055 2421 den
1076 2387 1225 2431 Mangel
1244 2386 1513 2430 abgernudeter
1531 2386 1722 2422 Perioden.

1032 2436 1187 2477 fractam
1215 2437 1319 2477 atque
1344 2433 1527 2474 elumbem,
1560 2433 1594 2466 d.
1620 2433 1655 2468 h.
1681 2434 1723 2468 in

986 2482 1237 2525 compos-itione
1270 2481 1429 2522 fractum
1462 2501 1504 2504 —-
1537 2490 1580 2514 ae
1605 2491 1723 2524 paene

987 2550 1029 2553 —
1060 2529 1139 2562 viro
1170 2528 1379 2568 molliorem,
1417 2527 1485 2561 wie
1519 2526 1723 2573 Quintilian

985 2578 1067 2620 stgt
1102 2575 1123 2608 l.
1151 2575 1173 2609 l.
1206 2575 1358 2609 sol-utam
1392 2577 1423 2608 et
1454 2585 1611 2608 enervem
1642 2574 1723 2609 sind

985 2623 1053 2656 mit
1079 2622 1202 2657 diesen
1228 2621 1467 2655 Ausdriieken
1491 2632 1679 2665 synonym.

1031 2669 1129 2703 Nam
1166 2671 1342 2713 quatenus
1381 2680 1409 2702 e.
1446 2680 1479 2712 q.
1515 2680 1558 2702 s.:
1603 2668 1722 2702 ‘Dema

985 2736 1028 2740 —
1055 2716 1179 2750 diesen
1210 2715 1355 2749 Redner
1385 2715 1547 2748 niimlich
1577 2713 1722 2759 pflegen

984 2763 1043 2797 die
1075 2762 1317 2797 Bewunderer
1347 2762 1412 2796 der
1442 2761 1553 2796 Alten
1584 2761 1721 2805 gleich-

983 2821 1060 2844 sam
1093 2810 1145 2843 als
1178 2809 1389 2844 Grenzstein
1421 2809 1485 2843 der
1515 2808 1616 2842 alten
1643 2808 1723 2844 Zeit
