1828 3044
772 102 1062 144 —54-

139 213 310 253 Graecos
353 210 675 253 Demosthenem,
727 220 842 259 quem
889 206 1224 246 studiosissimum
1261 203 1435 244 Platonis
1471 202 1690 243 auditorem

139 269 260 308 fuisse
291 268 502 308 memoriae
533 265 732 317 proditum
764 269 836 307 est,
868 269 906 302 et
938 262 1050 312 apud
1077 272 1149 300 nos
1168 260 1414 303 Ciceronem,
1445 261 1515 308 qui
1543 259 1616 303 his,
1650 264 1694 298 ut

139 325 299 376 opinor,
339 322 471 362 verbis
502 323 645 365 refert,
685 317 875 371 quidquid
906 320 947 358 in
979 318 1202 368 eloquentia
1234 315 1430 360 effecerit,
1471 315 1511 354 id
1541 326 1583 354 se
1614 326 1691 353 non

139 381 343 420 rhetorum
380 378 553 426 officinis
591 376 659 416 sed
698 375 930 414 Academiae
969 374 1108 424 spatiis
1146 377 1416 412 consecutum.
1465 377 1557 410 sunt
1593 370 1692 410 aliae

140 447 301 480 causae,
335 447 499 486 magnae
531 438 570 473 et
599 443 760 483 graves,
794 442 890 482 quas
920 441 945 468 a
977 429 1087 469 vobis
1118 429 1264 481 aperiri
1295 438 1462 478 aequum
1494 431 1563 470 est,
1595 437 1692 476 quo-

139 493 243 531 niam
274 491 430 543 quidem
462 501 534 541 ego
566 490 643 527 iam
674 499 804 526 meum
836 497 982 524 munus
1011 486 1163 537 explevi
1194 490 1246 528 et,
1279 484 1383 533 quod
1415 482 1508 521 mihi
1537 483 1577 521 in
1599 493 1693 521 con-

139 547 349 588 suetudine
387 553 468 590 est,
508 546 604 583 satis
641 543 786 582 multos
823 542 979 583 offendi.
1029 553 1127 592 quos
1158 541 1190 580 si
1222 542 1323 579 forte
1354 537 1451 578 haec
1482 538 1692 580 audierint,

140 610 292 644 certum
324 602 450 642 habeo
473 601 648 640 dicturos
671 611 744 642 me,
779 598 871 637 dum
893 599 993 637 iuris
1015 604 1052 636 et
1074 596 1347 647 philosophiae
1368 596 1573 634 scientiam
1596 599 1692 633 tam-

140 672 259 711 quam
289 658 437 697 oratori
467 656 730 697 necessariam
762 654 889 698 laude,
923 654 1083 704 ineptiis
1115 653 1212 692 meis
1244 652 1461 703 plausisse)

71 720 123 759 33
252 714 301 754 Et
331 715 553 753 Maternus:
593 711 706 750 ‘mihi
738 709 936 761 quidem,'
975 710 1124 758 inquit,
1157 711 1398 759 ‘susceptum
1431 719 1452 746 a
1483 712 1520 745 te
1551 717 1695 746 munus

140 772 237 811 adeo
269 771 470 820 peregisse
499 767 672 807 nondum
695 766 852 810 videris,
885 771 927 804 ut
947 765 1152 804 inchoasse
1173 770 1326 803 tantum
1348 769 1388 802 et
1406 763 1511 802 velut
1533 763 1694 813 vestigia

140 839 185 867 ac
231 827 457 866 liniamenta
504 823 694 876 quaedam
742 821 960 861 ostendisse
1000 821 1183 859 videaris.
1235 831 1323 858 nam
1362 818 1506 870 quibus
1543 818 1695 858 artibus

141 884 285 922 instrui
317 887 469 921 veteres
498 885 674 919 oratores
704 877 809 917 soliti
840 879 938 921 sint,
980 877 1131 922 dixisti,
1165 876 1506 926 differentiamque
1538 880 1694 913 nostrae

141 939 316 978 desidiae
355 944 394 976 et
430 937 659 975 inscientiae
699 934 886 973 adversus
924 935 1118 972 acerrima
1159 938 1197 971 et
1235 931 1516 970 secundissima
1556 942 1694 970 eorum

140 995 267 1034 studia
300 993 596 1032 demonstrasti:
629 998 760 1030 cetera
785 995 960 1041 expecto,
994 994 1047 1033 ut,
1080 987 1406 1040 quemadmodum
1429 998 1475 1025 ex
1498 992 1536 1024 te
1557 987 1693 1030 didici,

140 1051 234 1103 quid
267 1056 334 1090 aut
364 1049 420 1088 illi
453 1049 620 1088 scierint
650 1052 717 1086 aut
738 1058 809 1085 nos
832 1047 1065 1090 nesciamus,
1099 1047 1151 1084 ita
1173 1044 1246 1082 hoc
1267 1054 1423 1095 qnoque
1445 1053 1691 1093 cognoscam,

140 1106 287 1159 quibus
318 1103 668 1145 exercitationibus
700 1104 860 1141 iuvenes
892 1103 968 1141 iam
1001 1106 1038 1140 et
1070 1101 1199 1140 sorum
1220 1099 1439 1150 ingressuri
1462 1098 1695 1138 confirmare

141 1169 180 1202 et
211 1163 314 1202 alere
347 1162 505 1213 ingenia
537 1172 605 1199 sua
635 1158 741 1198 soliti
772 1160 862 1197 sint.
910 1170 1036 1209 neque
1068 1158 1174 1196 enim
1204 1156 1329 1194 solum
1351 1161 1433 1193 arte
1457 1160 1494 1193 et
1516 1155 1693 1198 scientia,

140 1219 208 1258 sed
255 1219 370 1268 longe
418 1218 543 1267 magis
581 1214 765 1255 facultate
806 1219 845 1252 et
881 1226 954 1253 asu
992 1213 1255 1264 eloquentiam
1296 1211 1492 1251 contineri
1531 1222 1602 1249 nec
1639 1216 1694 1254 tu,

141 1281 247 1327 puto,
281 1273 433 1313 abnues
465 1279 503 1312 et
534 1272 574 1311 hi
605 1272 830 1322 significare
861 1270 968 1309 vultu
1001 1269 1212 1309 videntur)

187 1432 288 1467 quem
348 1420 649 1456 studiosissimam
712 1418 883 1453 Platonis

140 1470 342 1504 auditorem
359 1468 482 1511 fuisse.
508 1466 685 1501 Dasselbe
700 1465 884 1500 beriehtet

140 1516 215 1552 Cic.
236 1516 336 1550 Brut.
364 1520 421 1558 31,
452 1518 516 1548 121
546 1514 774 1555 (lectitavisse
796 1512 884 1546 Pla-

140 1566 258 1598 tonem
283 1562 450 1603 studiose,
477 1561 661 1595 audivisse
686 1560 794 1595 etiam
813 1559 884 1593 De-

139 1610 333 1645 mosthenes
365 1609 518 1651 (licitur)
550 1607 625 1642 und
651 1618 698 1642 an
724 1606 885 1641 anderen

142 1657 295 1692 Stellen.

187 1704 254 1746 his,
273 1707 315 1738 ut
328 1703 470 1747 opinor,
489 1702 623 1737 verbis:
643 1700 717 1736 Cic.
732 1700 777 1735 de
792 1701 885 1735 orat.

141 1754 173 1794 3,
197 1755 257 1786 13:
278 1753 310 1786 et
328 1751 446 1793 fateor
463 1760 515 1784 me
529 1752 718 1789 oratorem,
737 1748 885 1782 simodo

139 1799 208 1833 sim
227 1801 293 1833 aut
311 1798 514 1842 quicunque
533 1797 612 1838 sim,
637 1806 711 1830 non
730 1805 772 1829 ecc
791 1795 884 1829 rhe-

140 1848 283 1880 torum
309 1844 520 1887 officinis
545 1843 617 1877 secl
642 1852 691 1877 ecc
717 1841 884 1877 Acade-

139 1893 250 1927 miae
274 1892 444 1936 spatiis
469 1890 637 1925 eoetitisse.

187 1950 211 1973 a
236 1939 348 1980 vobis,
374 1938 470 1972 (161111
490 1937 678 1971 Maternus
703 1936 768 1970 hat
789 1946 817 1969 6.
842 1939 883 1969 16

140 1985 199 2020 fiir
225 1985 303 2020 sich
326 1985 401 2019 und
422 1984 610 2019 Secundus
629 1982 884 2027 versprochen,

140 2032 200 2068 die
220 2032 322 2067 Rede
350 2032 413 2067 des
433 2030 605 2066 Messalla
629 2042 673 2064 zu
692 2032 883 2074 ergiinzen.

187 2080 277 2114 satis
295 2080 437 2121 multos,
457 2089 552 2112 zwar
571 2077 675 2112 nicht
689 2077 760 2111 (1611
774 2076 884 2120 Aper,

141 2126 252 2170 (denn
276 2126 315 2160 111
335 2127 458 2169 Bezug
477 2125 542 2159 auf
559 2125 684 2159 diesen
704 2124 770 2158 hat
789 2123 882 2157 Mes-

141 2173 235 2208 salla
272 2173 324 2207 im
356 2173 496 2208 Voraus
536 2172 654 2207 seiner
679 2170 779 2205 Rode
812 2170 883 2204 den

141 2220 397 2265 personlichen
457 2218 606 2253 Stachel
664 2228 884 2262 genommen

141 2267 258 2302 durch
296 2267 354 2301 die
387 2266 516 2301 lVorte
550 2277 579 2300 6.
613 2269 674 2299 27:
713 2275 776 2299 nec
808 2274 884 2298 mea

139 2324 200 2349 vos
238 2314 372 2357 offendi
409 2313 561 2353 decebit,
599 2313 631 2346 si
668 2311 756 2356 quid
793 2311 885 2353 forte

142 2371 249 2396 aures
267 2364 403 2396 vestras
413 2360 664 2404 perstrinyat),
684 2358 783 2392 wohl
797 2358 886 2392 aber

142 2408 201 2443 die
228 2419 342 2451 ganze
364 2407 501 2442 Schaar
520 2407 584 2441 der
604 2406 791 2440 Rhetoren
811 2404 885 2439 und

141 2455 242 2489 ihrer
266 2455 476 2498 Anhi'tnger.

188 2502 221 2536 si
252 2502 345 2543 forte
375 2501 460 2535 haec
492 2500 696 2540 audierint,
731 2499 790 2533 ein
822 2497 884 2532 ab·

142 2547 315 2583 sichtlieh
376 2547 618 2591 gemi'tssigter
680 2545 884 2588 Ausdruck,

143 2595 274 2629 dessen
301 2594 390 2629 Sinn
422 2606 489 2629 nur
521 2594 638 2628 dieser
664 2593 742 2628 sein
767 2592 883 2626 kann:

144 2641 268 2676 ‘wenn
288 2641 386 2686 Aper
406 2641 596 2676 vielleicht
615 2640 740 2675 seinen
757 2638 883 2674 Gesin-

143 2699 443 2733 nungsgenossen
469 2699 541 2722 von
566 2688 713 2722 1116111611
732 2686 883 2721 Α611336-

142 2746 286 2779 rungen
304 2734 546 2779 Mittheiluug
572 2735 726 2769 macheu
746 2732 881 2768 sollte.²

190 2782 338 2826 ineptiis
351 2781 436 2816 meis
441 2782 620 2826 plausisse
628 2795 638 2815 .·
653 2781 728 2815 ‘die
739 2782 885 2824 Gegner

143 2829 289 2864 werden
317 2839 445 2873 sagen,
479 2829 561 2863 (11133
590 2826 883 2871 Selhstgeffillig-

956 1417 1035 1452 keit
1079 1417 1138 1452 die
1177 1415 1392 1451 Triebfeder
1432 1415 1571 1450 meines
1608 1414 1696 1449 Auf-

956 1466 1096 1499 tretens
1126 1474 1296 1508 gewesen
1327 1462 1394 1505 sei,
1428 1462 1502 1496 und
1528 1462 1611 1496 dass
1637 1462 1697 1497 ieh

957 1524 1025 1545 nur
1059 1510 1231 1545 desshalb
1264 1510 1322 1544 (116
1349 1508 1697 1544 wissenschaftliehe

958 1558 1119 1602 Bildung
1144 1558 1199 1592 als
1225 1556 1285 1591 6111
1309 1555 1520 1591 Bediirfniss
1545 1555 1609 1590 des
1635 1567 1696 1590 an-

959 1605 1152 1649 gehenden
1172 1604 1334 1639 Redners
1359 1601 1572 1647 ausgestellt
1590 1603 1697 1646 habe,

959 1664 1022 1686 11111
1053 1652 1200 1687 1116111611
1232 1651 1365 1695 eigneu
1389 1650 1564 1685 albernen
1589 1650 1698 1685 Lieb-

958 1699 1156 1734 habereien
1186 1698 1233 1742 (d.
1261 1698 1296 1733 11.
1323 1696 1698 1732 wissenschaftlichen

959 1746 1127 1789 Studien)
1166 1746 1273 1780 einen
1311 1744 1489 1789 gewissen
1525 1744 1698 1779 Anstrich

958 1806 1001 1828 zu
1036 1793 1172 1837 geben,
1211 1791 1286 1826 und
1322 1791 1361 1826 in
1398 1790 1483 1826 dem
1521 1801 1591 1825 von
1630 1792 1699 1825 mir

958 1840 1209 1876 entworfenen
1228 1838 1333 1873 Bilde
1357 1838 1419 1872 (163
1438 1837 1583 1873 idealen
1603 1838 1697 1873 Red-

958 1900 1039 1922 ners
1077 1887 1176 1921 mich
1213 1885 1332 1921 selber
1369 1897 1412 1919 zu
1446 1884 1695 1920 bewundern.’

956 1955 1003 1960 --
1030 1934 1152 1968 Durch
1178 1933 1278 1968 (11636
1303 1931 1539 1976 Bemerkung
1566 1932 1698 1967 nimmt

957 1981 1147 2023 Messalla,
1178 1980 1249 2014 wie
1281 1979 1346 2014 der
1370 1979 1630 2023 Disputirende
1655 1991 1699 2014 zu

956 2029 1050 2063 ‘chun
1070 2027 1194 2072 pflegt,
1215 2027 1299 2061 dem
1313 2025 1459 2071 Gegner
1472 2026 1553 2061 eine
1566 2025 1697 2067 lVaffe,

958 2076 1052 2110 noch
1078 2075 1145 2110 6116
1169 2073 1336 2109 derselbe
1357 2074 1603 2117 geantwortet
1622 2073 1696 2108 hat.

1004 2125 1135 2157 cetera:
1167 2121 1284 2156 dieses
1316 2120 1424 2154 Wort
1455 2119 1568 2155 findet
1599 2120 1697 2155 361116

957 2169 1167 2213 Erkliirung
1179 2168 1217 2202 in
1225 2168 1309 2202 dem
1317 2167 1386 2202 mit
1393 2170 1433 2201 ut
1440 2166 1484 2201 be
1488 2167 1697 2211 ginnenden

958 2216 1177 2260 Satzgliede.
1218 2215 1286 2250 Die
1306 2225 1420 2258 ganze
1434 2213 1588 2249 Periode
1610 2213 1699 2248 aber

957 2264 1092 2298 beruht
1117 2262 1183 2297 auf
1205 2262 1289 2296 dem
1309 2261 1513 2306 Gegensatz
1539 2260 1602 2296 der
1622 2261 1697 2296 bei-

958 2311 1029 2345 den
1054 2310 1182 2345 Worte
1209 2309 1350 2344 artibus
1374 2308 1449 2342 und
1474 2308 1698 2343 exercitatio-

957 2358 1074 2393 nibus.

1003 2404 1193 2447 facultate,
1232 2403 1346 2448 vergl.
1384 2403 1513 2437 unten:
1554 2401 1626 2436 nisi
1658 2405 1699 2436 ut

957 2462 987 2487 e.
1015 2463 1047 2496 q.
1075 2463 1101 2485 3.

1003 2498 1211 2541 siynificare
1220 2497 1332 2531 vultu.
1350 2496 1401 2530 Zu
1409 2495 1533 2530 diesen
1544 2495 1698 2531 Worten

957 2548 1111 2589 ergiinze
1150 2555 1236 2578 man
1273 2543 1375 2578 nicht
1407 2543 1478 2578 den
1503 2543 1631 2577 Aecus.
1667 2554 1696 2577 6.

957 2592 1056 2626 infin.
1093 2611 1136 2616 -
1171 2591 1407 2635 eloquentiam
1444 2590 1622 2624 contineri
1655 2609 1698 2615 —

957 2638 1116 2673 weleher
1147 2650 1215 2672 nur
1246 2648 1318 2672 von
1349 2637 1484 2671 abnues
1509 2636 1699 2681 abliiingig

956 2686 1005 2720 ist
1040 2705 1097 2727 —-,
1133 2684 1290 2720 sondern
1324 2684 1396 2718 den
1429 2682 1630 2718 Gedanken
1664 2693 1698 2717 se

956 2742 1029 2767 non
1051 2733 1206 2767 abnuere
1220 2748 1262 2760 =
1276 2742 1311 2766 se
1329 2731 1422 2766 idem
1440 2731 1582 2772 sentire,
1601 2729 1698 2765 deun

957 2790 1044 2814 man
1075 2779 1174 2814 kann
1205 2778 1309 2813 nieht
1341 2778 1412 2812 den
1443 2777 1568 2812 Inhalt‘
1598 2776 1698 2812 einer

958 2826 1201 2869 Aeusserung,
1226 2825 1325 2860 wohl
1344 2825 1431 2859 aber
1451 2824 1509 2859 die
1531 2823 1697 2858 Bet-stim-
