1828 3044
742 84 1034 126 —41—

115 205 294 246 quaeque
331 194 583 244 antiquorum
620 191 858 236 imitantem,
895 195 935 230 et
965 202 1049 235 vos,
1088 189 1266 229 Materne
1296 200 1341 228 ac
1371 187 1570 233 Secunde,
1608 189 1662 226 ita

116 250 300 301 gravitati
328 260 515 288 sensuum
545 248 716 287 nitorem
747 252 786 287 et
815 245 968 286 cultum
997 245 1209 285 verborum
1238 245 1423 289 miscetis,
1455 256 1501 284 ea
1522 243 1664 283 electio

115 306 375 350 inventionis,
404 305 439 343 is
468 303 566 345 ordo
594 314 743 348 rerum,
775 313 834 347 ea,
865 303 1049 354 quotiens
1079 313 1196 341 causa
1225 303 1364 352 poscit,
1396 299 1572 345 ubertas,
1604 312 1663 344 ea,

115 362 304 413 quotiens
323 362 531 412 permittit,
563 359 750 403 brevitas,
781 359 816 397 is
844 359 1138 410 compositionis
1158 358 1289 402 decor,
1313 369 1358 396 ea
1379 357 1665 396 sententiarum

113 418 285 467 planitas
315 422 394 462 est,
433 418 492 456 sic
522 416 744 467 exprimitis
774 414 954 459 affectus,
987 415 1045 453 sic
1074 413 1296 453 libertatem
1326 414 1576 463 temperatis,
1606 417 1664 456 ut,

106 473 268 519 ,etiamsi
307 480 440 512 nostra
477 472 624 511 iudicia
660 470 884 521 malignitas
922 476 962 510 et
997 470 1144 509 invidia
1176 468 1407 513 tardaverit,
1446 480 1584 508 verum
1615 467 1664 507 de

114 529 228 568 vobis
258 529 403 568 dicturi
433 529 513 567 sint
541 527 689 579 posteri
718 527 877 565 nostri.2

227 584 333 631 Quae
364 595 451 623 cum
483 586 587 635 Aper
617 582 793 627 dixisset,

115 647 155 681 et
193 641 376 680 ardorem
405 640 500 691 Apri
536 638 684 678 nostri?
733 650 810 690 quo
840 644 1036 687 torrente,
1077 649 1153 688 quo
1184 640 1333 690 impetu
1364 636 1562 676 saeculum
1593 648 1662 675 no-

115 702 239 736 strum
278 696 472 736 defendit!
523 708 639 747 quam
676 697 834 745 copiose
873 706 917 734 ac
947 696 1053 734 varie
1082 696 1237 733 vexavit
1267 693 1466 745 antiquos!
1517 697 1664 744 quanto

112 764 192 792 non
223 752 345 792 solum
376 753 539 803 ingenio
571 764 615 791 ac
647 752 799 803 spiritu,
833 751 900 790 sed
931 752 1050 790 etiam
1080 751 1300 790 eruditione
1332 755 1371 789 et
1390 755 1474 789 arte
1497 748 1544 788 ab
1567 749 1667 800 ipsis

112 814 314 848 mutuatus
345 813 425 851 est,
465 820 536 859 per
567 819 667 859 quae
696 819 786 846 mox
815 807 921 858 ipsos
950 807 1187 847 incesseret!
1238 812 1350 845 tuum
1380 810 1532 848 tamen,
1563 804 1665 844 Mes-

113 863 228 909 salla,
270 865 507 916 promissum
545 864 775 903 immutasse
813 875 892 902 non
930 862 1062 903 debet.
1111 875 1240 914 neque
1278 863 1383 901 euim
1415 861 1666 901 defensorem

113 922 366 972 antiquorum
405 921 619 971 exigimus,
658 931 731 959 nec
769 931 1005 971 quemquam
1042 925 1240 964 nostrum,
1281 929 1519 970 quamquam
1548 917 1666 956 modo

111 976 258 1016 laudati
295 988 451 1021 sumus,
490 978 542 1015 iis
579 988 678 1027 quos
704 977 918 1015 insectatus
949 981 1009 1015 est
1038 977 1164 1026 Aper,
1203 986 1487 1025 comparamus.
1540 986 1584 1013 ac
1615 985 1666 1012 ne

110 1034 196 1084 ipse
237 1031 397 1084 quidem
434 1033 490 1072 ita
528 1033 667 1077 sentit,
715 1032 783 1071 sed
821 1044 930 1072 more
968 1033 1094 1071 veteri
1131 1038 1170 1071 et
1207 1043 1227 1070 a
1265 1030 1512 1082 philosophis
1547 1041 1667 1081 saepe

112 1087 311 1128 celebrato
351 1089 517 1140 sumpsit
554 1088 628 1127 sibi
667 1088 965 1127 contradicendi
994 1094 1141 1139 partes.
1181 1088 1302 1138 igitur
1333 1098 1519 1138 exprome
1550 1085 1667 1124 nobis

112 1156 190 1184 non
221 1145 487 1184 laudationem
518 1145 769 1194 antiquorum
801 1146 911 1193 (satis
941 1146 1048 1183 enim
1078 1142 1167 1183 illos
1186 1145 1288 1183 fama
1310 1155 1380 1182 sua
1401 1140 1564 1195 laudat),
1595 1141 1665 1181 sed

112 1212 271 1251 causas,
312 1213 382 1240 cur
414 1206 564 1240 tantum
596 1200 643 1239 ab
676 1201 900 1252 eloquentia
933 1211 1068 1240 eorum
1099 1201 1400 1244 recesserimus,
1433 1210 1520 1238 cum
1552 1209 1666 1248 prae-

826 583 1139 634 <agnoscitisne'‚
1172 582 1303 632 inquit
1322 581 1535 624 Maternus,
1568 581 1690 619 ‘vius

110 1370 148 1394 es
184 1359 262 1394 ihm
294 1371 362 1394 niu·
392 1371 455 1394 um
487 1359 547 1394 die
579 1359 776 1395 Wahrheit
808 1372 851 1394 zu

109 1407 203 1441 thun
221 1406 280 1450 ist,
307 1406 378 1442 den
397 1406 545 1451 Angriff
561 1408 676 1451 Apers
697 1407 850 1442 zuriick-

109 1453 225 1497 weist,
246 1454 343 1499 zeigt
359 1454 456 1489 seine
470 1454 721 1499 Entgegnung
734 1456 777 1498 (c.
793 1458 849 1497 ⁵25,

110 1502 179 1543 26).
201 1521 244 1525 —
271 1500 474 1545 Uebrigens
497 1500 546 1536 ist,
571 1501 630 1536 die
656 1502 850 1536 Annahme

109 1547 453 1592 ungemchtstrtigt,
480 1548 562 1582 dass
587 1548 646 1582 die
672 1548 849 1583 anerken-

109 1594 253 1629 nenden
294 1595 440 1637 Worte‚
484 1595 553 1629 mit
596 1595 714 1630 denen
751 1596 850 1639 Aper

109 1641 207 1676 seine
245 1641 346 1676 Rede
390 1641 573 1684 schh’esst‚
617 1642 721 1677 nicht
757 1642 848 1677 voll-

109 1688 258 1732 st‘zindig
282 1688 483 1734 aufrichtig
508 1689 672 1734 gemeint
697 1689 807 1724 seien.

150 1735 331 1779 planitas,
351 1736 409 1770 ein
425 1747 571 1770 unserm
587 1735 850 1771 Schriftsteller

109 1781 441 1827 eigenthfimliches
466 1783 590 1817 XVort:
616 1783 797 1818 Klarheit.

155 1830 412 1874 ayozoscitz'sve:
461 1829 630 1865 bemerkt
676 1831 735 1864 ihr
778 1831 848 1865 den

107 1875 328 1921 Ungestiim‚
362 1877 433 1912 den
457 1877 525 1911 wir
549 1877 686 1912 schon
712 1888 756 1912 so
784 1878 849 1912 oft-

107 1934 151 1957 zu
185 1922 408 1958 bewundern
435 1923 677 1968 Gelegenheit
709 1924 849 1969 gehabt,

106 1969 251 2004 haben?
272 1970 395 2016 Vergl.
412 1982 441 2005 c.
459 1974 519 2005 11:
537 1982 627 2015 quae
640 1982 719 2006 cum
734 1972 847 2006 (limis-

105 2020 156 2051 set
180 2018 281 2062 Aper
312 2019 483 2061 acrius,
516 2021 562 2052 ut
593 2019 779 2061 solebat,
810 2022 848 2054 et

107 2064 280 2099 intento
305 2075 387 2100 ore.

151 2111 213 2146 sed
249 2112 374 2146 etiam:
412 2111 531 2147 ‘nicht
562 2112 659 2147 bloss
691 2114 847 2147 natiir-

104 2157 249 2193 liches
276 2159 438 2194 Talent,
462 2159 537 2193 und
564 2159 663 2194 edle
688 2159 848 2204 Begei-

106 2207 294 2250 sterung
337 2206 416 2240 sind
460 2206 519 2240 die
557 2205 743 2250 Vorziige,
789 2206 848 2241 die

104 2251 204 2296 Aper
245 2252 356 2288 heute
393 2253 530 2287 wieder
567 2252 734 2288 bewiihrt
770 2253 847 2296 hat,

105 2298 260 2334 sondern
281 2300 376 2334 auch
388 2300 664 2335 historische
679 2301 847 2335 Kennt-

105 2345 222 2381 nisse
270 2347 346 2381 und
395 2347 705 2382 theoretische
754 2347 847 2381 Bil-

106 2392 241 2438 dung,
267 2393 403 2438 Dinge,
437 2394 497 2429 die
522 2395 621 2438 Aper
646 2395 846 2438 verachtet,

107 2439 154 2474 da
180 2450 219 2474 er
242 2439 415 2484 ffirchtet,
443 2441 525 2476 dass
551 2441 666 2476 durch
686 2441 745 2476 die
765 2441 845 2476 red-

104 2486 272 2521 nerische
291 2487 552 2533 Verwendung
570 2488 688 2523 dieser
707 2489 845 2524 Kennt-

104 2533 200 2569 nisse
230 2533 308 2571 sein
332 2534 454 2569 Ruhm
486 2535 733 2579 geschmalert
757 2547 846 2570 wer-

105 2579 175 2615 den
194 2580 333 2616 konnte
354 2583 396 2625 (c.
412 2584 457 2625 2).
483 2582 533 2616 Er
552 2582 621 2617 hat
639 2583 716 2617 also
730 2582 847 2618 durch

105 2627 164 2662 die
180 2627 277 2662 That
295 2628 373 2662 sich
386 2628 505 2664 selber
518 2629 647 2674 Liigen
661 2630 843 2674 gestraft?

145 2675 376 2718 premissum,
402 2676 516 2720 vergl.
544 2687 572 2711 c.
602 2681 655 2711 16.

151 2732 368 2766 quamquam
401 2724 505 2758 morlo
536 2723 681 2758 laudati
710 2734 844 2758 sumus.

103 2768 210 2803 Auch
234 2769 422 2804 Maternus
453 2769 559 2805 weist
582 2770 642 2805 fiir
667 2771 745 2806 sich
770 2771 844 2805 und

104 2814 164 2850 die
189 2815 375 2861 Uebrigen
401 2816 460 2851 die
492 2817 844 2853 schmeichelhaften

923 1360 1052 1395 Worte
1078 1360 1194 1404 Apers
1221 1359 1372 1403 zuri'ick‚
1399 1359 1468 1394 wie
1494 1358 1666 1394 Messalla

924 1418 961 1442 es
998 1407 1050 1441 im
1083 1407 1296 1452 Folgenden
1332 1407 1418 1441 thut
1450 1406 1523 1440 und
1556 1406 1665 1451 (nach

924 1465 1002 1499 cap.
1032 1456 1088 1498 15)
1116 1467 1159 1488 zu
1184 1455 1277 1489 thun
1303 1453 1450 1498 pflegte.

970 1512 1013 1536 ac
1032 1512 1075 1536 ne
1094 1502 1170 1546 ipse
1189 1501 1331 1546 quidem
1352 1502 1403 1536 tta
1416 1502 1533 1535 sentit.
1566 1500 1666 1535 Halb

922 1548 973 1582 im
1001 1549 1133 1584 Scherz
1158 1549 1250 1583 wird
1283 1548 1364 1583 hie1
1388 1548 1447 1583 die
1474 1559 1546 1583 von
1571 1548 1664 1583 Mes-

922 1595 1015 1630 salla
1050 1607 1128 1640 cap.
1164 1600 1206 1630 15
1237 1597 1364 1640 (neque
1396 1616 1438 1620 ——
1470 1598 1503 1630 te
1533 1596 1666 1640 ipsum,

922 1643 1040 1686 Aper,
1068 1654 1286 1687 quamquam
1310 1643 1492 1677 interdum
1517 1643 1559 1677 in
1583 1652 1664 1677 eon·

922 1690 1081 1724 trarium
1094 1690 1266 1734 disputes,
1283 1690 1389 1724 aliter
1402 1691 1533 1724 sentire
1546 1690 1664 1734 credo)

922 1737 1081 1781 gethane
1090 1738 1325 1781 Aeusserung
1338 1737 1406 1771 mit
1417 1737 1501 1771 dem
1510 1736 1666 1772 Zwecke

922 1784 1154 1828 wiederhost,
1193 1796 1256 1818 um
1294 1784 1412 1818 damit
1442 1783 1513 1818 deu
1548 1784 1664 1818 durch

922 1831 1021 1875 Aper
1046 1831 1380 1875 hervorgerufenen
1401 1831 1515 1866 Streit
1534 1831 1588 1866 als
1607 1842 1663 1866 er-

921 1877 1041 1922 ledigt
1095 1878 1395 1913 abzuschliesscn.
1458 1878 1665 1923 Uebrigens

921 1925 1036 1969 vergl.
1053 1924 1125 1960 Cic.
1147 1925 1192 1960 de
1214 1927 1303 1960 orat.
1322 1930 1352 1968 1,
1374 1929 1429 1969 62,
1450 1929 1535 1960 263:
1557 1929 1666 1970 atque

920 1972 1019 2006 haud
1056 1973 1128 2007 scio
1167 1983 1217 2007 cm
1254 1973 1389 2007 aliter
1425 1974 1595 2007 sentias
1631 1976 1664 2008 et

920 2022 1024 2054 utare
1055 2022 1121 2054 tua
1154 2020 1219 2054 illa
1248 2020 1405 2062 mirfflca
1429 2019 1478 2054 ad
1504 2020 1663 2063 refellen-

920 2067 1006 2100 dum
1037 2067 1310 2109 consuetudine,
1337 2087 1380 2091 -«
1407 2067 1511 2101 cuius
1537 2088 1580 2092 —
1606 2067 1662 2109 sa-

920 2114 1068 2148 enitatis
1086 2114 1294 2149 exercitatio
1309 2134 1352 2138 —
1366 2114 1442 2148 iam
1460 2115 1501 2148 z'n
1515 2125 1542 2158 p
1551 2115 1662 2150 hilo-

921 2161 1156 2204 sophorum
1182 2161 1437 2196 consuetudine
1461 2165 1636 2196 versatur.

969 2218 1049 2242 cum
1080 2209 1296 2252 praesertim
1335 2219 1364 2243 e.
1404 2220 1437 2252 q.
1477 2220 1503 2243 s,
1553 2209 1663 2244 Diese

921 2254 1061 2298 Worte‚
1087 2255 1226 2290 welche
1249 2255 1343 2290 nach
1364 2255 1447 2290 dem
1468 2255 1662 2290 Ausdruck

920 2301 1036 2346 Apers
1063 2303 1106 2346 (c.
1135 2304 1191 2345 17)
1217 2302 1291 2337 fast
1315 2302 1484 2337 wortlich
1510 2303 1662 2337 wieder-

920 2348 1001 2383 holt
1037 2349 1135 2391 siud,
1173 2349 1364 2384 enthaltcn
1396 2360 1436 2384 so
1467 2349 1540 2384 viel
1572 2349 1660 2384 Auf-

918 2394 1084 2440 fanjges,
1117 2396 1199 2430 dass
1231 2396 1283 2431 sie
1308 2396 1346 2430 in
1373 2396 1491 2431 dieser
1517 2396 1664 2432 Gestalt,

919 2443 1135 2477 schwerlich
1156 2454 1227 2477 von
1242 2443 1326 2478 dem
1340 2443 1528 2478 Verfasser
1541 2443 1663 2479 dieser

920 2489 1059 2525 Schrift
1101 2490 1343 2535 geschrieben
1386 2491 1464 2525 sein
1501 2490 1660 2526 konnen.

918 2536 995 2571 Vor
1027 2548 1107 2572 cum
1132 2538 1347 2581 praesertim
1378 2537 1473 2572 fehlt
1501 2537 1565 2573 der
1591 2536 1659 2573 Ge—

919 2583 1057 2618 danke:
1104 2583 1194 2618 ‘was
1237 2584 1320 2619 sehr
1361 2584 1564 2620 auffallend
1605 2596 1659 2620 er-

919 2631 1090 2666 scheinen
1121 2631 1252 2674 muss,'
1286 2642 1352 2666 vor
1378 2631 1474 2667 CXX
1504 2632 1564 2667 ein
1596 2633 1661 2667 vix

919 2678 1007 2712 oder
1032 2681 1186 2720 tantum,
1212 2678 1260 2713 da
1279 2678 1339 2713 die
1359 2689 1473 2723 ganze
1493 2679 1659 2714 Erschei-

918 2736 1019 2769 nung
1045 2726 1119 2759 erst
1144 2725 1259 2760 durch
1279 2725 1338 2760 die
1359 2726 1546 2771 geringe
1567 2725 1660 2760 Zahl

918 2771 983 2806 der
1008 2771 1119 2806 Jahre
1146 2772 1318 2817 auffallig
1342 2773 1450 2817 wird,
1479 2774 1575 2816 effici
1598 2773 1658 2815 ist,

917 2818 986 2854 wie
1020 2818 1079 2854 die
1107 2818 1381 2865 Vergleichung
1409 2831 1481 2855 von
1509 2831 1585 2865 cap.
1615 2823 1658 2854 17
