1828 3044
122 185 162 219 et
199 181 471 230 sanguinantis
509 178 755 229 eloquentiae
792 191 885 218 usus
925 190 1065 218 recens
1106 186 1144 218 et
1183 180 1293 219 malis
1331 181 1508 221 moribus
1539 187 1665 227 natus,

122 241 259 285 atque,
300 241 341 274 ut
372 240 412 274 tu
445 234 623 279 dicebas,
656 236 771 286 Aper,
804 236 844 274 in
874 235 1002 274 locum
1033 235 1100 274 teli
1132 241 1325 286 repertus.
1370 242 1544 277 ceterum
1575 239 1665 278 felix

120 291 215 330 illud
247 297 304 336 et,
344 296 387 330 ut
416 303 525 329 more
556 296 692 329 nostro
722 291 878 342 loquar,
911 303 1075 330 aureum
1105 290 1300 330 saeculum
1331 298 1370 331 et
1399 300 1597 333 oratorum
1629 299 1667 333 et

122 349 332 386 criminum
362 348 475 398 inops
506 349 632 397 poetis
663 351 702 384 et
730 346 884 385 vatibus
915 346 1158 392 abundabat,
1191 349 1258 398 qui
1288 347 1388 387 beno
1420 350 1520 388 facta
1551 362 1665 390 cane-

120 410 221 447 rent,
254 414 331 441 non
361 403 426 454 qui
458 403 558 442 male
589 403 757 441 admissa
789 402 1059 442 defenderent.
1101 416 1173 443 nec
1204 404 1295 443 ullis
1315 411 1381 443 aut
1401 405 1525 455 gloria
1547 406 1668 445 maior

123 465 187 498 aut
219 460 422 509 augustior
452 459 589 502 honor,
622 460 794 509 primum
826 459 928 510 apud
950 459 1055 503 deos,
1087 471 1255 511 quorum
1277 460 1457 511 proferre
1477 473 1668 512 responsa

122 520 162 554 et
197 516 388 554 interesse
427 515 554 565 epulis
592 511 845 559 ferebantur,
885 515 1026 554 deinde
1063 516 1163 566 apud
1204 516 1290 555 illos
1320 517 1392 556 diis
1423 518 1578 566 genitos
1608 530 1668 556 sa-

122 583 285 623 crosque
324 582 459 620 reges,
506 572 609 609 inter
649 582 746 621 quos
786 572 981 609 neminem
1021 572 1282 616 causidicum,
1322 572 1390 611 sed
1430 572 1584 624 Orphea
1623 586 1667 613 ac

120 627 262 666 Linum
294 639 351 671 ac,
384 628 415 665 si
447 627 707 677 introspicere
740 627 856 665 altius
885 627 995 670 velis,
1027 629 1154 678 ipsum
1179 628 1398 679 Apollinem
1430 631 1666 680 accepimus.

121 683 180 722 vel
212 684 242 722 si
274 683 371 721 haec
402 682 576 721 sabulosa
608 683 725 721 nimis
755 689 793 721 et
824 685 1040 734 composita
1071 684 1271 729 videntur,
1304 684 1399 723 illud
1431 691 1538 724 certe
1569 685 1668 724 mihi

123 739 329 782 concedes,
361 740 477 790 Aper,
510 751 587 777 non
618 740 812 777 minorem
844 739 1033 777 honorem
1064 739 1234 778 Homero
1264 753 1380 791 quam
1412 741 1668 780 Demostheni

121 795 223 846 apud
268 799 463 846 posteros,
512 806 583 832 nec
628 794 920 844 angustioribus
966 796 1146 833 terminis
1185 797 1325 835 samam
1364 797 1565 848 Euripidis
1603 803 1671 836 aut

121 851 325 902 Sophoclis
355 863 469 902 quam
492 850 629 901 Lysiae
662 856 729 889 aut
748 850 957 902 Hyperidis
980 851 1142 890 includi.
1188 851 1319 902 plures
1340 852 1456 891 hodie
1479 855 1666 905 reperies,

121 907 186 957 qui
208 907 410 947 Ciceronis
441 907 605 956 gloriam
636 919 751 956 quam
783 908 850 957 qui
872 907 1021 956 Virgilii
1054 906 1287 951 detrectent,
1322 920 1392 946 nec
1418 909 1518 948 ullus
1541 911 1666 949 Asinii

121 969 189 1002 aut
218 962 416 1002 Messallae
448 962 548 1001 liber
579 967 657 1001 tam
689 962 854 1001 illustris
886 969 961 1007 est,
995 975 1111 1014 quam
1143 963 1277 1002 Medea
1308 963 1434 1003 Ovidii
1465 971 1532 1004 aut
1562 966 1668 1004 Varii

52 1018 103 1056 13
122 1019 324 1070 Thyestes.
365 1031 408 1058 ac
440 1031 488 1057 ne
520 1020 717 1057 fortunam
740 1020 898 1069 quidem
922 1027 1052 1058 vatum
1075 1025 1113 1058 et
1134 1019 1228 1058 illud
1251 1020 1343 1059 felix
1365 1021 1668 1060 contubernium

168 1205 209 1236 ut
234 1206 274 1236 tu
300 1202 453 1244 dicebas,
479 1202 596 1246 Aper:
623 1213 700 1246 cap.
729 1206 759 1236 5.

168 1252 337 1284 ceterum:
371 1249 451 1283 ‘auf
479 1249 543 1283 der
568 1249 707 1283 andern
733 1249 858 1292 Seitc‚'

124 1296 334 1341 ‘dagegen.'
366 1296 490 1341 Vergl.
506 1296 584 1331 Liv.
601 1300 656 1339 21,
680 1300 738 1331 18:
753 1308 860 1340 prae—

121 1353 200 1387 ceps
218 1347 347 1386 vestra,
366 1342 537 1385 Romani,
562 1347 593 1378 et
606 1344 714 1387 prior
734 1344 862 1388 legatio

120 1391 212 1433 fuit,
256 1402 336 1425 cum
372 1390 635 1434 Hcmnibalcm,
681 1394 862 1434 tamquam

120 1447 185 1472 suo
200 1438 349 1472 consilio
364 1437 568 1482 Samonium
583 1441 861 1482 oppii-(flicmte'm,

121 1485 379 1528 deposcebatis;
423 1489 573 1519 ceterum
609 1486 694 1519 haec
731 1486 861 1529 legatio

122 1532 236 1566 verbis
261 1532 379 1566 adhuc
405 1533 518 1566 lenior
544 1535 605 1573 est,
632 1543 668 1566 re
687 1533 859 1575 asperior.

169 1582 201 1613 et
238 1582 422 1613 oratorum
452 1583 484 1613 et
515 1580 707 1613 crimimmn
739 1580 861 1622 inops:

122 1625 218 1660 denn
251 1626 290 1671 je
329 1626 486 1660 seltener
523 1626 581 1661 die
617 1625 861 1669 Verbreehen,

122 1672 226 1707 desto
265 1673 422 1707 seltener
457 1673 516 1707 die
546 1673 707 1715 Redner,
746 1673 860 1717 vergl.

122 1731 151 1754 c.
173 1724 234 1754 41:
261 1721 389 1764 quodsi
414 1721 638 1754 inveniretur
663 1720 789 1764 aliqua
814 1721 860 1754 ci-

121 1767 227 1809 vitas,
255 1768 297 1801 i‘n
322 1779 395 1811 qua
418 1778 519 1801 1161110
539 1771 715 1811 peccaret,
739 1777 861 1811 super-

123 1825 258 1848 vacuus
294 1818 379 1849 esset
416 1815 509 1848 inter
546 1815 750 1848 innoeentes
782 1825 862 1848 orci-

121 1864 178 1896 tor
202 1862 296 1895 sicut
322 1862 416 1895 imer
439 1872 547 1895 scwzos
571 1862 736 1895 medicus.

170 1911 235 1942 aut
272 1908 391 1952 yloria
428 1909 545 1943 maior
576 1912 641 1942 aut
673 1909 862 1952 cmqustior

121 1955 247 1998 honor,
272 1956 386 2000 vergi.
415 1967 443 1989 c.
470 1959 531 1989 41:
564 1956 615 1989 sic
639 1956 758 1989 11111101·
782 1966 861 1989 ora-

123 2006 242 2037 torum
262 2003 376 2036 1101101·
395 2003 646 2046 obscuriorque
664 2003 783 2046 gloria
802 2006 860 2036 est.

169 2050 264 2084 inter
289 2060 376 2094 quos
402 2070 445 2074 ——
472 2051 690 2093 accepim-us:
721 2050 861 2093 eigent-

122 2096 216 2131 lich:
246 2097 299 2131 ‘in
324 2096 436 2131 deren
460 2097 568 2131 Mitte
596 2117 638 2121 —-
664 2096 731 2130 wir
756 2096 861 2130 iiber-

122 2143 297 2178 kommen
327 2144 481 2185 haben?
518 2144 551 2178 d.
579 2144 614 2178 h.
648 2143 705 2178 die
732 2143 861 2177 Kunde

121 2201 194 2225 von
224 2191 335 2235 jenen
368 2191 661 2235 gottgeborenen
693 2191 862 2235 Konigen

123 2238 263 2272 erzi'thlt
294 2250 360 2271 uns
393 2238 560 2282 zugleieh
591 2249 663 2272 von
698 2238 863 2282 (inpheus

122 2284 197 2318 und
216 2284 328 2319 Linus
354 2285 430 2318 und
449 2285 588 2319 andern
608 2284 753 2318 uralten
774 2285 861 2319 San-

122 2343 227 2376 gern3
243 2332 338 2366 denn
347 2331 465 2374 beide,
477 2331 702 2377 Konigelund
713 2332 861 2376 Siingcr,

121 2389 243 2413 waren
268 2379 573 2413 unzertrennlich.

170 2426 221 2459 Zn
247 2426 332 2460 deni
357 2426 565 2460 Ansdruck:
591 2425 713 2468 plnres
740 2445 782 2449 —-
809 2436 861 2459 re-

114 2473 235 2516 peries
260 2474 323 2517 qui
343 2493 386 2497 —-
407 2484 516 2517 quam
540 2473 603 2516 qui
628 2472 741 2515 vergi.
770 2483 798 2506 c,
823 2476 861 2506 8:

120 2520 271 2562 facilius
302 2521 461 2554 ini-enies
491 2520 554 2564 qui
581 2540 623 2544 —
649 2530 757 2563 quam
788 2519 861 2563 9ιιῖ.

169 2567 232 2610 qui
264 2566 446 2601 Ciceronis
476 2567 630 2611 {storiam
661 2577 766 2610 quam
800 2566 864 2610 qui

131 2613 281 2658 Viryilii
306 2614 504 2648 detrectent.
543 2614 594 2647 Zu
614 2613 683 2647 den
705 2612 864 2647 Tadlern

124 2660 187 2694 des
208 2660 336 2695 Cicero
360 2661 434 2694 und
455 2661 525 2695 den
545 2660 781 2694 Lobrednern
800 2660 863 2694 des

122 2706 244 2751 Virgil
262 2707 396 2751 gesellt
409 2708 486 2741 sich
501 2707 645 2741 freilich
659 2707 752 2741 auch
767 2707 865 2751 Aper

124 2765 153 2788 c.
175 2758 219 2789 20
239 2754 313 2788 und
335 2758 395 2796 223
423 2754 511 2789 aber
530 2766 593 2788 ans
615 2766 706 2797 ganz
726 2754 865 2789 andern

124 2801 316 2844 Griinden3
356 2801 451 2836 denn
487 2801 556 2835 (1611
590 2801 715 2836 Cicero
746 2801 867 2836 tadelt

934 1214 973 1237 er
1010 1202 1113 1236 nicht
1147 1203 1199 1236 als
1231 1203 1391 1245 Redner,
1429 1203 1584 1237 sondern
1615 1203 1670 1238 als

934 1250 1259 1284 alterthiimlichen
1279 1249 1438 1291 Redncr;
1461 1250 1531 1284 den
1551 1250 1671 1294 Virgil

933 1296 1014 1331 lobt
1045 1308 1083 1330 er
1108 1297 1211 1331 nicht
1235 1296 1289 1331 als
1314 1296 1481 1339 Dichter⁷
1514 1297 1671 1332 sondern

935 1344 989 1378 a-ls
1038 1343 1259 1387 Fundgrubc
1309 1344 1371 1378 des
1420 1344 1672 1379 rhetorischen

936 1391 1158 1425 Schmuckes
1184 1390 1241 1424 fiir
1267 1391 1336 1424 den
1362 1391 1515 1425 ltedner.

983 1438 1071 1472 liber
1085 1438 1143 1472 dic
1158 1437 1361 1471 schriftlich
1372 1437 1670 1481 aufgczeichnete

934 1485 1045 1527 Rede,
1072 1485 1140 1518 wie
1168 1496 1195 1518 c.
1217 1488 1277 1518 39:
1305 1485 1425 1528 itaque
1449 1485 1561 1519 hercle
1579 1486 1670 1519 eius—

933 1532 1030 1566 modi
1057 1532 1143 1566 libri
1168 1535 1303 1574 emicent,
1329 1531 1403 1564 und
1423 1543 1469 1566 an
1489 1532 1671 1566 manchen

934 1578 1073 1613 andern
1101 1578 1249 1613 Stellen.
1277 1599 1319 1603 —
1352 1578 1415 1612 Als
1446 1578 1504 1612 die
1536 1578 1670 1613 bedeu-

934 1626 1103 1660 tendsten
1122 1625 1273 1659 Dichter
1298 1626 1425 1659 stelien
1451 1625 1527 1660 also
1553 1625 1673 1660 neben

935 1673 1109 1707 einander
1147 1673 1285 1707 Homer
1326 1672 1401 1706 und
1438 1672 1573 1716 virgil,
1618 1672 1672 1707 als

934 1720 1080 1754 Redner
1117 1719 1379 1753 Demosthenes
1415 1719 1490 1753 und
1528 1719 1670 1760 Cicer0;

934 1767 988 1801 als
1004 1767 1190 1801 Vertreter
1204 1767 1268 1800 der
1278 1766 1429 1800 Dichter
1442 1766 1517 1799 und
1527 1766 1673 1800 Redner

935 1814 1087 1848 zweiten
1129 1813 1276 1857 Ranges
1323 1812 1389 1847 auf
1427 1813 1674 1857 griechischer

936 1861 1034 1895 Seite
1061 1860 1252 1904 Euripides
1287 1860 1416 1902 (dieser
1442 1860 1495 1893 als
1521 1860 1585 1894 der
1609 1859 1670 1894 be-

934 1908 1111 1942 kanntere
1138 1907 1414 1951 vorangestellt)
1437 1906 1512 1940 und
1533 1906 1671 1951 Sopho—

936 1955 1024 1997 cles,
1070 1954 1197 1999 Lysias
1235 1954 1308 1987 und
1345 1953 1566 1998 Hyperides;
1610 1953 1678 1987 auf

934 2002 1134 2036 riimischcr
1154 2001 1305 2035 Ovidius
1332 2001 1406 2034 und
1427 2001 1566 2043 Varius,
1594 2000 1672 2035 Asi—

935 2049 1016 2083 nius
1023 2049 1097 2082 nnd
1105 2048 1288 2082 Messalla.
1303 2048 1423 2082 Ueber
1431 2048 1488 2082 die
1497 2048 1673 2082 let-zteren

935 2096 1049 2140 vergi.
1076 2096 1134 2129 die
1161 2096 1267 2129 Anm.
1295 2107 1337 2128 zu
1364 2106 1441 2139 cap.
1470 2098 1522 2128 17.

983 2143 1116 2177 Medea
1138 2142 1258 2176 Ovidii·
1278 2145 1343 2176 (cut
1370 2141 1475 2176 Varii
1495 2141 1673 2185 Thyestes,

935 2189 1048 2234 vergi.
1077 2189 1199 2231 Quint.
1229 2194 1281 2229 10,
1312 2193 1340 2231 1,
1367 2192 1427 2223 98:
1460 2189 1533 2222 iam
1567 2187 1674 2222 Varii

938 2237 1104 2281 Thyestes
1141 2237 1285 2271 cuilibet
1323 2235 1546 2270 Graecarum
1583 2246 1671 2269 com-

929 2284 1065 2327 parari
1079 2287 1205 2327 potest.
1243 2283 1366 2317 Ovidii
1380 2282 1512 2317 Medea
1530 2283 1674 2317 videtur

934 2331 1023 2365 mim·
1066 2331 1260 2372 ostendere,
1304 2332 1478 2373 quantum
1518 2329 1579 2363 ille
1614 2330 1674 2363 vir

929 2381 1119 2422 praestare
1150 2377 1329 2421 potuerit,
1365 2377 1398 2410 si
1431 2377 1574 2420 1119611ιῖ0
1607 2386 1673 2411 suo

935 2429 1129 2469 temperare
1148 2435 1255 2468 quam
1274 2424 1459 2467 inclulyere
1477 2424 1671 2457 maluisset.

983 2482 1025 2505 (cc
1050 2482 1092 2505 ‘ne
1117 2471 1302 2513 fortunam
1322 2471 1472 2514 quidem,
1499 2471 1595 2505 deun
1614 2469 1673 2504 die

937 2518 1146 2562 gliickliche
1167 2517 1471 2562 Lebcnsstellung
1495 2517 1561 2552 der
1578 2516 1672 2551 Red-

936 2577 1000 2600 ner
1032 2576 1107 2599 war
1132 2576 1202 2599 von
1228 2566 1326 2609 Aper
1352 2576 1380 2598 c.
1408 2568 1427 2597 8
1455 2565 1521 2599 mit
1545 2564 1673 2599 beson-

937 2613 1017 2647 ‹lers
1044 2612 1269 2655 gliinzenden
1288 2611 1431 2645 Farben
1451 2611 1675 2656 geschildert

937 2659 1095 2694 worden.

984 2706 1255 2740 coowztuberm'um
1291 2705 1354 2739 der
1385 2705 1538 2739 Dichter
1567 2705 1675 2738 unter

939 2753 1128 2794 einander,
1166 2752 1323 2787 welches
1361 2752 1559 2795 aller-dings
1592 2750 1673 2785 eine

938 2800 1186 2844 vollstiindige
1212 2799 1367 2834 solitudo
1393 2798 1636 2834 ausschliesst.
