1828 3044
736 82 1029 140 —51÷

107 187 186 225 vim
223 187 414 226 virtutum
449 188 759 239 pravitatemque
800 189 988 228 vitiorum
1018 194 1058 227 et
1086 189 1206 228 habet
1232 187 1475 228 intellectum
1507 200 1659 235 eorum,

107 253 206 293 quae
243 254 318 282 nec
356 243 397 281 iu
435 243 649 283 virtutibus
679 256 754 283 nec
782 244 826 283 in
855 244 962 283 vitiis
990 249 1264 283 numerantur.
1315 256 1362 283 ex
1391 243 1454 284 his
1483 243 1661 285 fontibus

107 298 225 338 etiam
256 298 322 338 illa
352 297 568 349 profluunt,
600 304 645 339 ut
673 299 826 339 facilius
855 299 957 339 iram
990 300 1135 339 iudicis
1163 299 1224 339 vel
1254 301 1419 351 instiget
1446 299 1505 339 vel
1524 299 1659 345 leniat,

104 355 174 405 qui
203 354 291 399 scit,
323 353 415 406 quid
445 356 496 394 sit
524 356 595 400 ira,
625 356 847 407 promptius
875 355 922 395 ad
942 356 1236 395 miserationem
1262 355 1451 406 impellat,
1484 358 1554 407 qui
1574 357 1659 401 scit,

104 408 196 460 quid
236 411 288 449 sit
325 410 596 450 misericordia
635 416 676 450 et
713 410 855 462 quibus
885 413 1008 450 animi
1038 411 1210 451 motibus
1239 412 1474 451 concitetur.
1524 413 1566 451 in
1595 412 1660 451 his

104 464 258 505 artibus
288 465 718 518 exercitationibusque
750 473 927 507 versatus
957 473 1101 513 orator,
1133 468 1215 506 sive
1246 467 1350 518 apud
1379 467 1546 506 infestos
1577 468 1659 507 sive

103 521 206 573 apud
246 521 406 572 cupidos
443 522 525 561 sive
563 522 665 574 apud
695 523 915 562 invidentes
946 524 1027 562 sive
1059 523 1161 575 apud
1193 524 1328 562 tristes
1358 524 1440 562 sive
1471 522 1576 574 apud
1607 524 1658 562 ti-

101 583 256 616 mentes
273 577 481 617 dicendum
502 577 702 623 habuerit,
723 577 877 618 tenebit
897 591 1016 618 venas
1036 580 1255 618 animorum
1273 584 1312 618 et
1330 584 1450 631 prout
1466 578 1657 631 cuiusque

101 644 249 673 causae
279 639 418 672 natura
441 632 665 685 postulabit,
698 634 900 674 adhibebit
920 646 1082 674 manum
1104 641 1143 674 et
1164 635 1402 686 temperabit
1423 635 1655 679 orationem,

100 695 237 739 parato
275 690 382 728 omni
412 690 676 730 instrumento
708 696 746 730 et
777 690 824 729 ad
855 702 1011 730 omnem
1042 703 1159 730 usum
1189 692 1378 741 reposito.
1430 696 1523 730 sunt
1552 691 1655 742 apud

100 756 198 796 quos
235 743 465 784 adstrictum
506 752 545 784 et
583 746 791 785 collectum
824 752 863 785 et
893 746 1043 797 singula
1074 748 1204 786 statim
1236 752 1466 798 argumenta
1497 746 1656 786 conclu-

100 801 197 840 dens
233 800 391 840 dicendi
428 812 555 852 genus
593 802 681 853 plus
712 802 804 841 fidei
834 808 1031 842 meretur:
1070 803 1171 854 apud
1203 802 1275 841 hos
1305 801 1463 841 dedisse
1495 814 1655 854 operam

99 856 325 895 dialecticae
369 858 561 908 proficiet.
611 858 708 897 alios
752 859 838 898 susa
884 864 923 898 et
960 858 1178 910 aequabilis
1217 863 1255 897 et
1293 870 1339 897 ex
1378 857 1655 897 communibus

98 1022 284 1062 (naturam
326 1021 536 1067 humanam)
581 1034 663 1057 zum
702 1023 836 1059 Besou-

96 1067 207 1103 deren
226 1067 351 1103 herab.
374 1089 417 1093 —
437 1069 561 1113 Vergl.
584 1069 657 1106 Cic.
679 1070 724 1105 de
745 1072 836 1105 orat.

98 1119 128 1158 1,
157 1118 212 1158 12,
239 1118 298 1150 53:
330 1116 423 1150 nisi
452 1117 528 1161 qui
552 1120 742 1152 ‘naturas
766 1118 837 1153 ho-

95 1172 127 1195 m
136 1162 152 1196 i
157 1172 183 1196 ‘n
190 1172 215 1196 u
222 1172 255 1196 m
274 1163 430 1207 vimque
448 1173 581 1198 omnem
596 1164 837 1200 humanitatis

95 1228 139 1233 —
162 1210 310 1253 penitus
327 1211 554 1255 perspexerit
579 1222 608 1246 e.
636 1223 670 1256 q.
698 1224 724 1246 s.

141 1266 231 1300 quae
268 1266 331 1292 ‘nec
367 1257 409 1292 iu
446 1257 643 1293 virtutibus
676 1270 705 1293 e.
740 1271 773 1302 q.
807 1271 834 1293 s.

95 1301 265 1338 Gemeint
300 1303 382 1338 sind
416 1303 475 1338 die
510 1304 648 1350 Dinge,
683 1305 835 1348 welche,

92 1349 177 1384 weil
209 1350 259 1385 sie
293 1350 371 1385 sich
395 1350 498 1386 nicht
524 1351 590 1386 auf
613 1351 671 1387 die
699 1351 834 1387 Sitten-

93 1395 194 1432 lehre
226 1396 417 1441 beziehen,
457 1408 527 1432 von
560 1398 630 1434 den
664 1398 835 1434 Stoikern

21 1468 29 1475 .
92 1439 289 1487 ἀδιάφορα
314 1442 476 1489 genahnt
496 1445 654 1481 werden.
695 1445 767 1481 Cic.
789 1446 835 1481 (19

92 1489 151 1525 fin.
178 1493 210 1534 3,
239 1494 292 1526 15.
322 1495 376 1526 16.

139 1538 245 1572 etiam
283 1538 366 1573 illa.-
410 1538 469 1574 die
508 1539 834 1584 philosophischen

90 1583 312 1620 Kenntnisse
350 1585 468 1630 geben
504 1586 587 1620 dem
620 1585 833 1630 gebildeten

90 1630 237 1666 Redner
270 1631 373 1666 nicht
399 1644 467 1667 nur
492 1632 577 1667 den
611 1632 736 1667 Stoff
757 1632 833 1667 der

90 1677 226 1719 Rede;
259 1678 311 1714 sie
335 1678 456 1714 lassen
482 1679 559 1714 sich
586 1679 680 1714 auch
704 1690 830 1724 pra-c-

89 1724 207 1760 tisch
257 1726 487 1761 verwerthen
535 1737 596 1761 zur
639 1726 832 1771 Erregung

90 1771 155 1807 der
179 1770 392 1808 Gemiither.

126 1820 178 1854 ’in
218 1819 275 1854 his
317 1819 458 1855 artibus
498 1820 831 1856 exercitationibus-

88 1876 155 1910 que
178 1869 359 1902 versatus:
384 1877 458 1902 wer
484 1867 561 1902 sich
588 1867 688 1902 diese
707 1867 830 1912 philo-

89 1912 283 1958 sophische
319 1913 481 1958 Bildung
525 1913 713 1949 erworben
754 1914 829 1949 und

86 1959 125 1994 in
155 1959 254 1995 ihrer
288 1960 546 1996 reduerischen
570 1960 830 2006 Verwendung

87 2006 166 2042 sich
190 2006 430 2042 hinreichend
455 2007 571 2052 geiibt
595 2008 670 2043 hat.

133 2054 206 2089 sive
242 2054 344 2099 apud
379 2054 528 2097 infestos
563 2066 591 2090 e.
620 2067 654 2100 q.
681 2067 707 2090 s.
752 2055 825 2090 Das

85 2099 234 2145 Princip
266 2100 330 2136 der
354 2101 467 2136 Wahl
495 2100 570 2136 und
596 2101 660 2136 der
685 2102 825 2137 Anord-

85 2158 187 2192 nung
211 2147 330 2183 dieser
347 2147 433 2182 ffinf
448 2147 637 2183 Attribute
658 2149 707 2183 ist
725 2149 828 2184 nicht

87 2204 181 2238 ganz
193 2193 286 2229 klar.
311 2193 429 2230 Einen
440 2193 644 2240 Gegensatz
655 2195 828 2231 scheinen

86 2252 156 2275 nur
195 2240 254 2277 die
291 2241 426 2277 beiden
464 2244 585 2277 ersten
622 2254 665 2276 zu
702 2242 829 2278 bilden

87 2287 318 2333 (feindselige
350 2309 393 2314 —
423 2289 736 2332 wohlwollende);
767 2289 827 2323 fiir

86 2334 165 2369 sich
207 2334 319 2370 allein
363 2336 462 2371 steht
502 2335 606 2380 jedes
645 2335 711 2371 der
749 2336 826 2371 drei

86 2381 243 2426 iibrigen
261 2382 463 2425 (neidische
482 2402 526 2408 -
546 2382 826 2419 unfreundliche

87 2447 131 2454 -
156 2428 353 2475 besorgte).

133 2475 264 2511 tenebit
298 2485 408 2511 venas
441 2477 655 2512 animorum.
700 2476 825 2522 Vergl.

87 2520 161 2558 Cic.
201 2522 247 2558 de
279 2524 369 2558 orat.
398 2527 434 2567 1,
462 2526 523 2566 52,
556 2527 641 2558 223:
679 2526 828 2559 teneat

85 2572 222 2613 oportet
245 2579 379 2605 venas
403 2571 575 2615 cuiusque
593 2571 743 2616 yeueris,
770 2581 824 2606 ae-

85 2614 190 2658 tatis)
215 2616 374 2659 ordinis,
399 2619 431 2652 et
455 2626 588 2660 eorum,
614 2617 715 2662 apud
739 2627 826 2662 quos

86 2663 228 2708 aliquid
248 2666 328 2709 aqet
345 2666 411 2698 aut
429 2664 497 2700 erit
516 2667 678 2708 acturus,
697 2667 827 2700 mentes

84 2719 276 2755 sensusque
300 2710 468 2755 dequstet.
507 2711 744 2747 Uebersetze:
773 2711 828 2747 ‘er

85 2756 178 2792 wird
221 2757 286 2792 das
322 2757 649 2803 Herzensgetriebe
688 2759 726 2794 in
764 2758 827 2794 der

85 2803 194 2840 Hand
219 2804 373 2840 halten.’

953 1026 1066 1067 prout
1091 1023 1262 1067 cuiusque
1288 1032 1418 1058 causae
1438 1026 1575 1058 natura
1588 1033 1654 1068 po-

909 1070 1079 1114 stulabit,
1116 1070 1232 1115 vergi.
1271 1080 1300 1104 c.
1328 1072 1389 1104 31:
1422 1073 1561 1114 prout
1598 1080 1654 1106 res

905 1118 1072 1162 poscit,
1093 1120 1154 1152 23:
1174 1117 1338 1161 quotiens
1350 1118 1651 1161 causaposcit.

909 1164 987 1200 Cic.
1015 1164 1060 1199 de
1087 1166 1177 1199 orat.
1198 1167 1232 1207 2,
1259 1166 1314 1207 27,
1343 1167 1427 1198 115:
1452 1166 1495 1198 ut
1513 1164 1653 1199 animos

908 1221 1030 1246 eorum
1062 1211 1111 1246 ad
1141 1220 1382 1256 quemcunque
1413 1220 1549 1246 causa
1573 1220 1652 1255 po-

908 1257 1119 1300 stulabit,
1160 1260 1292 1292 motum
1328 1267 1498 1292 vocemus.
1550 1256 1651 1293 Orat.

910 1308 971 1348 36,
1012 1308 1096 1339 125:
1134 1307 1181 1338 ut
1218 1313 1379 1339 causae
1416 1307 1582 1339 natura
1619 1308 1652 1340 et

909 1352 1004 1386 ratio
1029 1352 1197 1395 temporis
1218 1351 1483 1395 postulabit.

956 1398 1138 1433 adhibebit
1164 1409 1330 1432 manum:
1356 1398 1475 1433 dieses
1496 1407 1566 1433 von
1587 1398 1652 1433 der

910 1445 1128 1490 Thiitigkeit
1167 1445 1230 1480 des
1262 1445 1422 1480 Arztes
1461 1444 1650 1480 entlehnte

909 1492 992 1527 Bild
1018 1492 1110 1527 wird
1136 1492 1205 1526 mit
1231 1491 1302 1527 den
1321 1491 1492 1526 Worten:
1512 1495 1651 1536 parato

907 1539 1005 1575 omui
1024 1540 1262 1574 instrumento
1282 1541 1314 1573 et
1333 1538 1381 1573 ad
1395 1548 1531 1573 omnem
1544 1548 1651 1573 usum

907 1587 1061 1630 reposito
1099 1586 1327 1631 fortgesetzt.
1372 1585 1477 1620 Auch
1508 1585 1546 1619 in
1579 1585 1649 1620 den

906 1633 1060 1668 Worten
1107 1632 1316 1677 temperabit
1359 1633 1555 1666 orationem
1603 1632 1651 1667 ist

906 1679 970 1715 der
1007 1679 1205 1725 Vergleich
1243 1679 1312 1714 mit
1351 1678 1415 1713 der
1449 1678 1650 1724 Bereitung

905 1727 1004 1762 eines
1029 1726 1063 1761 H
1071 1737 1089 1761 e
1097 1726 1110 1760 i
1119 1726 1176 1760 1111
1184 1726 1219 1760 it
1227 1727 1242 1760 t
1251 1737 1270 1760 9
1279 1725 1292 1760 1
1300 1737 1315 1759 s
1342 1725 1558 1761 erkennbar.

951 1776 1037 1808 sunt
1063 1773 1164 1817 apud
1189 1782 1276 1817 quos
1302 1783 1332 1807 e.
1359 1784 1392 1818 q.
1421 1784 1447 1806 s.
1486 1772 1561 1807 Der
1586 1782 1648 1817 ge·

904 1819 1044 1856 bildete
1082 1819 1227 1855 Redner
1270 1819 1362 1853 wird
1406 1818 1507 1854 seine
1545 1819 1647 1855 Rede

904 1867 1006 1903 nicht
1045 1879 1113 1902 nur
1149 1866 1244 1901 nach
1282 1865 1353 1901 den
1384 1865 1648 1901 Bediirfnissen

904 1914 967 1949 des
993 1926 1036 1949 zu
1062 1913 1344 1949 behandelnden
1369 1911 1648 1957 Gegenstandes

904 1961 1109 1996 einrichtcn
1145 1962 1270 2005 (prout
1305 1959 1479 2004 cuiusque
1515 1969 1648 1995 causae

900 2011 1039 2043 natura
1075 2007 1313 2052 postulabit),
1356 2006 1514 2041 sondern
1551 2006 1646 2041 auch

901 2055 966 2090 der
1003 2054 1164 2099 Bildung
1201 2053 1276 2088 und
1314 2053 1385 2088 den
1423 2053 1646 2098 Neigungen

901 2102 966 2137 der
982 2101 1252 2146 jedesmaligen
1274 2100 1435 2135 Zuhorer
1455 2110 1645 2144 anpassen.

905 2168 948 2174 —
984 2149 1056 2183 Der
1099 2147 1278 2182 Iudicat-iv
1323 2148 1508 2190 (meretur)
1550 2147 1646 2182 nach

901 2198 987 2230 suut
1017 2196 1080 2239 qui
1111 2195 1159 2229 ist
1192 2194 1253 2229 bei
1285 2196 1399 2238 guten
1424 2193 1645 2229 Prosaikern

902 2242 1031 2278 seiten.

947 2289 1129 2324 collectum
1147 2298 1327 2332 synonym
1341 2287 1411 2321 mit
1418 2287 1644 2322 adstrictum.

900 2335 1013 2371 Beide
1039 2334 1256 2370 Ausdrficke
1282 2334 1446 2369 beruhen
1471 2333 1538 2368 auf
1559 2332 1644 2368 dem

900 2382 1099 2428 Vergleich
1124 2381 1193 2417 mit
1219 2381 1339 2417 ciuem
1357 2379 1490 2416 Kleide
1515 2382 1558 2422 (9.
1579 2383 1643 2415 39:

897 2430 1077 2475 paenulas
1107 2429 1214 2471 istas,
1252 2427 1383 2472 quibus
1414 2426 1581 2462 adstricti
1611 2429 1644 2461 et

900 2477 995 2512 velut
1023 2475 1157 2511 inclusi
1182 2486 1212 2510 e.
1239 2487 1273 2519 q.
1300 2475 1352 2517 s).
1373 2493 1418 2499 —
1439 2473 1512 2509 Cic.
1540 2473 1642 2508 Brut.

901 2527 969 2559 309
980 2538 987 2558 :
1001 2525 1187 2559 contracta
1201 2524 1233 2556 et
1243 2521 1420 2556 adstricta
1429 2520 1642 2564 eloquentia.

945 2570 1033 2613 fusa
1057 2572 1090 2605 et
1114 2568 1332 2614 aequabilis.-
1358 2566 1543 2611 zwanglos
1567 2566 1643 2601 und

900 2616 1172 2662 gleichformig.
1216 2614 1363 2650 Diesem
1406 2623 1519 2659 yenus
1561 2623 1642 2648 ora·

899 2665 1011 2699 timus
1044 2663 1189 2698 kommt
1222 2661 1318 2697 auch
1352 2660 1418 2696 das
1447 2659 1644 2695 Praedicat

900 2711 975 2746 lene
1002 2721 1054 2745 zu.
1087 2709 1213 2754 Vergl.
1235 2708 1309 2744 Cic.
1336 2707 1382 2743 de
1408 2709 1499 2742 orat.
1526 2710 1558 2751 2,
1587 2710 1642 2751 15,

902 2762 964 2793 64:
1002 2766 1113 2802 oenus
1146 2756 1324 2791 orationis
1356 2755 1503 2798 fusum
1537 2755 1643 2798 atque

901 2807 1055 2840 tractum
1083 2802 1278 2848 (fliessend)
1303 2805 1336 2838 et
1359 2812 1437 2838 cum
1457 2801 1643 2836 leuitate

1311 2860 1359 2896 4*
