1828 3044
779 71 1066 112 ..20—

151 182 353 225 nostrum,
395 176 594 227 egregium
634 182 789 226 poetam
820 177 899 222 vel,
939 178 969 214 si
1002 176 1075 215 hoc
1106 175 1432 216 honorificentius
1463 182 1539 222 est,
1578 189 1694 228 prae-

151 233 412 272 clarissimum
444 239 585 276 vatem,
617 232 777 271 deducit
806 238 873 271 aut
903 232 1044 271 salutat
1073 238 1139 271 aut
1168 233 1444 284 prosequitur?
1489 245 1629 285 nempe
1660 235 1693 272 si

151 290 301 328 amicus
340 290 444 332 eius,
485 290 517 326 si
548 289 812 340 propinquus,
853 289 885 327 si
916 287 1083 340 denique
1115 290 1200 339 ipse
1231 290 1270 327 in
1303 289 1460 340 aliquod
1492 291 1692 340 negotium

151 345 355 388 inciderit,
395 343 441 383 ad
473 344 577 383 hunc
609 344 832 383 Secundum
872 349 1072 389 recurret,
1113 350 1179 383 aut
1210 345 1257 382 ad
1288 350 1344 389 te,
1377 345 1571 389 Materne,
1610 357 1691 384 non

150 402 242 452 quia
273 405 384 451 poeta
417 413 459 439 es
490 412 614 451 neque
648 406 688 439 ut
719 412 789 451 pro
820 411 865 438 eo
897 412 1032 439 versus
1062 400 1200 444 sacias;
1234 401 1273 439 hi
1305 401 1409 439 enim
1433 401 1551 440 Basso
1582 401 1692 441 domi

149 460 375 501 nascuntur,
408 456 561 508 pulchri
593 456 748 507 quidem
780 461 820 494 et
842 455 1015 499 iucundi,
1048 468 1215 507 quorum
1237 463 1366 495 tamen
1388 456 1452 494 hic
1474 458 1602 495 exitus
1621 463 1691 501 est,

149 518 212 557 ut,
252 524 338 550 cum
377 518 456 551 toto
489 525 603 556 anno,
641 524 713 563 per
744 523 880 550 omnes
911 511 1013 556 dies,
1055 524 1192 562 magna
1223 515 1399 552 noctium
1431 518 1540 562 parte
1572 524 1691 551 unum

116 613 123 620 =
148 568 293 607 librum
325 569 486 607 excudit
516 574 554 607 et
584 567 846 612 elucubravit,
880 568 1152 618 rogare-ultro
1184 575 1223 607 et
1253 568 1406 607 ambire
1437 574 1619 619 cogatur,
1651 574 1694 607 ut

149 627 228 664 sint
259 627 324 674 qui
355 625 564 674 dignentur
595 624 746 663 audire.
792 629 830 662 et
860 637 908 663 ne
939 624 976 662 id
1007 624 1166 676 quidem
1188 626 1332 674 gratis;
1365 637 1453 663 nam
1476 630 1515 664 et
1535 624 1693 663 domum

149 687 351 720 mutuatur
397 686 436 719 et
482 680 721 719 auditorium
760 683 908 719 extruit
946 686 984 719 et
1021 679 1206 719 subsellia
1244 681 1428 719 conducit
1466 687 1504 719 et
1542 680 1694 719 libellos

150 737 354 788 dispergit.
402 742 440 775 et
472 743 513 775 ut
544 736 790 775 beatissimus
821 739 1090 775 recitationem
1122 738 1208 775 eius
1238 742 1399 776 eventus
1419 741 1692 788 prosequatur,

152 795 278 832 omnis
315 793 380 832 illa
418 792 502 831 laus
539 794 641 831 intra
679 805 801 831 unum
840 799 906 831 aut
943 793 1110 847 alterum
1142 793 1244 831 diem
1277 793 1381 831 velut
1411 795 1451 832 in
1481 793 1602 831 herba
1634 793 1694 831 vel

150 850 245 888 ssore
277 855 500 900 praecepta,
533 849 579 887 ad
611 848 757 887 nullam
789 855 938 887 certam
970 854 1008 886 et
1029 848 1192 886 solidam
1214 849 1393 899 pervenit
1414 849 1588 898 frugen1;
1621 860 1693 887 nce

150 911 216 944 aut
254 906 464 944 amicitiam
501 905 591 943 inde
630 906 753 944 refert
790 910 856 944 aut
886 904 1103 943 clientelam
1137 910 1203 943 aut
1234 916 1459 944 mansurum
1491 906 1530 943 in
1563 905 1693 943 animo

149 963 379 1013 cuiusquam
419 961 677 1005 beneficium,
721 960 787 999 sed
829 961 1039 1000 clamorem
1080 972 1216 1010 vagum
1256 967 1294 998 et
1333 973 1445 1000 voces
1482 962 1619 999 inanes
1656 966 1695 1005 et

147 1017 333 1068 gaudium
371 1017 541 1056 volucre.
586 1018 827 1055 laudavimus
866 1030 992 1068 nuper
1022 1022 1065 1055 ut
1097 1018 1235 1056 miram
1268 1021 1306 1055 et
1336 1018 1520 1056 eximiam
1551 1016 1695 1067 Vespa—

146 1075 248 1113 siani
286 1073 583 1119 liberalitatem,
623 1074 727 1124 quod
759 1074 969 1125 quingenta
1001 1074 1181 1112 sestertia
1214 1073 1332 1111 Basso
1365 1072 1560 1111 donasset.
1609 1072 1693 1122 pul·

146 1129 285 1168 chrum
322 1130 358 1168 id
392 1130 569 1181 quidem,
608 1129 889 1180 indulgentiam
928 1130 1119 1180 principis
1158 1130 1317 1178 ingenio
1349 1129 1510 1174 mereri;
1549 1133 1694 1180 quanto

145 1192 275 1225 tamen
307 1186 522 1236 pulchrius,
556 1187 586 1224 si
617 1186 667 1224 ita
701 1198 765 1224 res
796 1185 998 1225 familiaris
1020 1187 1160 1236 exigat,
1195 1198 1236 1223 se
1258 1187 1385 1236 ipsum
1409 1185 1548 1229 colere,
1579 1195 1695 1223 suum

145 1243 303 1292 genium
335 1243 562 1293 propitiare,
596 1254 705 1280 suam
737 1243 908 1293 experiri
939 1241 1232 1280 liberalitatem!
1265 1241 1388 1280 adiice
1419 1241 1521 1292 quod
1554 1242 1694 1292 poetis,

959 1343 1046 1377 oder
1064 1343 1102 1377 in
1122 1343 1186 1377 der
1199 1342 1332 1376 Bliithe
1353 1342 1509 1386 voreilig
1527 1343 1696 1385 geerntet

957 1390 1048 1424 wird
1068 1390 1142 1424 und
1162 1389 1327 1433 gelangt’
1350 1401 1384 1423 u.
1405 1402 1430 1423 s.
1451 1401 1495 1422 w.
1528 1389 1600 1423 Das
1619 1388 1695 1422 Ab-

957 1437 1133 1481 gekiirzte
1182 1436 1245 1471 des
1291 1436 1500 1470 Ausdrueks
1549 1435 1696 1470 besteht

187 1344 521 1387 praeclarissimum
569 1347 693 1378 vatem..
752 1343 885 1378 Diesen

144 1391 427 1425 hochtonenden
458 1391 602 1424 Numen
644 1391 763 1424 lassen
807 1390 885 1424 sich

146 1438 204 1472 die
219 1437 370 1472 Dichter
390 1449 479 1482 gern
493 1437 680 1482 beilegem
701 1437 775 1471 und
789 1437 883 1471 doch

144 1485 336 1519 kiimmer‘o
358 1483 434 1519 sich
460 1485 643 1519 Niemand
669 1497 731 1518 um
757 1484 818 1519 sie.

193 1543 337 1578 deducit
363 1546 429 1576 aut
453 1543 589 1577 salutat
614 1546 679 1577 aut
698 1544 884 1587 prosequi-

145 1593 225 1624 tur:
263 1602 338 1624 wer
368 1590 521 1633 geleitet
551 1590 615 1624 ihn
647 1601 731 1624 vom
762 1590 883 1624 Hausc

145 1637 211 1671 auf
246 1637 309 1671 das
343 1637 494 1680 Forum,
533 1648 607 1671 wer
644 1638 770 1671 macht
807 1637 885 1671 ihm

144 1685 243 1719 seine
275 1684 534 1729 Aufwartung,
568 1696 642 1718 wer
673 1684 777 1728 giebt
807 1685 884 1718 ihm

145 1731 210 1765 das
235 1731 366 1774 Geleit,
393 1743 499 1765 wenn
525 1743 564 1765 er
588 1731 748 1766 abl-eist‘?

191 1790 373 1834 ‘neyotz'um
388 1790 678 1832 ‘Rechtssache'‚
699 1790 763 1824 der
778 1790 883 1834 Spra-

120 1884 121 1887 ,
145 1837 211 1871 che
238 1837 302 1871 der
329 1837 491 1871 ι1111161611
518 1837 697 1871 entlehnt.

191 1905 266 1930 ‘nou
284 1896 372 1939 quia
385 1899 493 1939 poeta
508 1907 536 1929 e.
553 1908 585 1939 q.
601 1909 644 1930 s.:
665 1896 728 1930 der
742 1896 883 1940 Gegen—

144 1944 221 1977 satz
253 1943 326 1985 (sed
357 1943 445 1986 quia
476 1946 598 1976 orator
624 1954 658 1977 es
684 1947 715 1976 et
739 1946 779 1977 ut
806 1954 884 1976 eum

143 1990 328 2033 defendas)
342 1989 398 2033 ist,
414 1989 497 2023 weil
509 1990 882 2033 selbstverstiindlich,

143 2036 429 2081 verschwdegen.

191 2095 289 2129 domi
313 2099 515 2130 naseuntur
540 2095 655 2140 vergl.
677 2095 749 2130 Cic.
770 2094 882 2129 Acad.

144 2145 176 2185 2,
204 2146 265 2176 25:
291 2143 351 2177 sed
370 2143 500 2184 desine,
525 2153 666 2186 quaeso,
691 2143 883 2177 commum-

144 2189 211 2223 bus
253 2189 360 2232 Iocis,
404 2190 517 2224 domi
559 2190 663 2224 nobis
699 2189 771 2224 ista
806 2201 883 2224 ua-

143 2239 341 2271 seuutur.
381 2237 428 2271 ad
453 2237 553 2271 Fam.
581 2241 612 2279 9,
640 2241 671 2270 3.

191 2284 305 2317 ultro:
337 2284 396 2318 (lie
429 2284 544 2318 Lente
576 2284 750 2318 kommen
781 2283 884 2318 nicht

142 2330 330 2375 freiwillig
350 2331 498 2372 zuil1m3
520 2343 559 2366 61·
575 2343 673 2365 muss
687 2331 737 2365 sie
752 2330 883 2374 bitten,

143 2389 187 2411 zu
218 2377 403 2413 kommen.
447 2379 543 2412 ultro
575 2378 790 2412 bezeichnet
821 2378 884 2412 das

143 2424 263 2459 active
284 2425 488 2467 Aufereten,
508 2437 566 2459 wo
585 2436 672 2459 man
684 2424 882 2459 Passivitztt

144 2471 233 2506 oder
252 2472 399 2515 ruhiges
413 2472 612 2507 Abwarten
625 2474 881 2507 voraussetzen

144 2518 263 2553 sollte.

190 2566 285 2600 velut
309 2567 350 2599 iu
374 2567 483 2600 herba
503 2567 556 2601 vel
575 2567 661 2610 flore
674 2569 880 2610 praecepta.

143 2612 216 2647 Der
248 2613 337 2647 Sinn
369 2613 484 2648 dieses
522 2613 625 2648 nicht
655 2613 882 2656 vollst'aindig

144 2660 406 2704 ausgefiihrten
437 2660 560 2695 Bfldes
595 2661 642 2695 ist
673 2660 880 2705 folgender:

146 2706 244 2751 ‘jene
287 2718 399 2751 ganzo
437 2707 686 2742 Herrlichkeit
728 2707 883 2752 vergeht

142 2753 182 2787 111
209 2754 327 2788 61116111
354 2754 442 2788 oder
467 2755 556 2789 zwei
576 2755 701 2799 Tagen
728 2754 796 2788 wie
817 2754 880 2788 das

144 2800 326 2844 Getreide,
353 2801 509 2836 welches
533 2802 585 2836 im
610 2805 750 2846 griinen
770 2801 880 2835 Halm

957 1484 1093 1518 einmal
1119 1483 1239 1526 darin,
1267 1483 1348 1517 dass
1373 1483 1438 1517 das
1462 1483 1570 1517 Wort
1588 1493 1694 1526 prae-

957 1535 1057 1574 cepta
1083 1542 1177 1565 zwar
1202 1531 1267 1564 auf
1289 1530 1352 1564 das
1379 1529 1567 1572 Gen-eide,
1593 1530 1696 1564 nicht

957 1578 1044 1612 aber
1081 1578 1147 1612 auf
1178 1578 1247 1611 den
1280 1577 1402 1611 Ruhm
1435 1577 1497 1611 des
1527 1576 1696 1611 Dichters

958 1627 1069 1669 passt,
1090 1625 1154 1659 der
1173 1625 1268 1658 ¹auch
1282 1625 1385 1658 nicht
1399 1623 1514 1658 durch
1527 1623 1694 1668 lttngeres

958 1673 1112 1706 Warten
1139 1672 1316 1716 gezeitigt
1340 1671 1446 1714 wird,
1477 1670 1696 1705 andrerseits

958 1719 1079 1761 darin,
1109 1719 1191 1753 dass
1218 1719 1277 1753 die
1302 1719 1430 1752 &Vorte
1456 1718 1558 1752 iutra
1581 1728 1696 1751 unum

958 1770 1022 1800 aut
1041 1767 1193 1800 alterum
1213 1766 1305 1800 diem
1325 1766 1383 1799 ein
1397 1765 1496 1809 perit
1516 1765 1695 1799 erwarten

957 1813 1087 1857 lassen,
1112 1813 1269 1847 welches
1295 1812 1382 1847 aber
1407 1811 1510 1846 nicht
1534 1811 1639 1856 folgt.

1004 1861 1122 1903 refert.
1174 1861 1225 1894 Zu
1269 1860 1405 1893 diesem
1442 1858 1605 1893 Verbum
1647 1858 1696 1893 ist

956 1907 1092 1941 wieder
1112 1910 1221 1951 poeta
1241 1906 1401 1951 Subject,
1429 1905 1516 1940 oder
1535 1916 1696 1950 genauer

956 1954 1114 1996 Bassus,
1146 1954 1210 1988 der
1235 1954 1273 1987 111
1299 1954 1369 1988 den
1394 1953 1521 1988 michst
1546 1953 1694 1987 vorher-

957 2001 1148 2045 gehenden
1182 2001 1313 2035 Siitzen
1346 1999 1496 2044 Subjeet
1526 2010 1695 2043 gewesen

957 2060 1048 2092 war,
1081 2060 1152 2082 von
1177 2048 1260 2082 dem
1286 2048 1380 2082 auch
1405 2047 1457 2081 im
1482 2046 1694 2091 Folgenden

957 2096 1051 2130 noch
1077 2095 1136 2129 die
1162 2095 1261 2129 Rede
1287 2095 1345 2128 ist.

1002 2153 1108 2177 suum
1132 2143 1276 2186 yew‘suam
1295 2141 1511 2185 propitiare.
1558 2139 1693 2175 ‘Wenn

958 2189 1016 2224 die
1089 2187 1558 2233 Vennogensverhi‘tltnisse
1631 2187 1691 2222 be-

957 2237 1131 2271 schri'mkt
1162 2236 1259 2279 sind,
1299 2247 1385 2279 mag
1416 2246 1453 2269 es
1486 2234 1693 2279 angenehm

956 2284 1049 2323 sein,
1088 2284 1165 2318 sich
1203 2283 1317 2317 durch
1354 2282 1430 2316 sein
1464 2281 1596 2316 Talent
1633 2278 1697 2316 die·

957 2331 1083 2365 Gnade
1121 2331 1184 2364 des
1221 2331 1377 2364 Fiirsten
1414 2341 1458 2363 zu
1495 2328 1692 2372 erwerben‚

956 2390 1018 2411 um
1054 2377 1121 2411 wie
1157 2377 1231 2411 viel
1265 2377 1417 2411 schoner
1447 2375 1536 2410 aber
1566 2375 1614 2410 ist
1644 2386 1692 2419 es,

955 2424 1030 2459 alle
1070 2424 1233 2469 Sorgfalt
1275 2423 1340 2458 auf
1380 2423 1457 2457 sich
1495 2422 1614 2457 selber
1651 2435 1694 2457 zu

954 2472 1187 2512 vel-wenden‚
1239 2471 1308 2505 den
1359 2470 1513 2514 eigenen
1556 2469 1692 2504 Genius

954 2519 1032 2553 sich
1082 2518 1233 2563 geneigt
1280 2529 1322 2551 zu
1365 2517 1521 2551 machen
1565 2516 1693 2561 (durch

954 2566 1081 2610 eigene
1107 2565 1214 2599 Kraft
1238 2565 1312 2598 und
1337 2564 1440 2598 nicht
1465 2563 1580 2598 durch
1603 2564 1692 2598 Fiir-

955 2614 1148 2657 stengunst
1179 2612 1303 2647 seinen
1328 2611 1551 2645 WVohls‘cand
1583 2613 1691 2655 griin—

954 2659 1041 2703 den,
1080 2659 1196 2694 durch
1226 2659 1505 2703 unausgesetzte
1539 2657 1690 2702 Thatig-

954 2706 1032 2740 keit
1045 2706 1109 2740 das
1121 2706 1241 2740 Gliiek
1254 2705 1486 2739 zurEinkehr
1500 2704 1689 2749 zwingen),

953 2753 1011 2788 die
1057 2753 1184 2797 eigene
1230 2752 1507 2797 Freigebigkeit
1549 2763 1592 2786 zu
1635 2762 1688 2786 er-

952 2800 1117 2844 proben.’

1786 2716 1808 2737 'd
