1828 3044
88 193 315 234 comparare
352 182 549 221 timuerim
588 193 676 220 cum
713 181 888 232 inquieta
926 183 966 216 et
1005 177 1120 216 anxia
1157 180 1360 214 oratorum
1398 177 1488 214 vita.
1539 175 1632 214 licet

85 237 174 277 illos
203 238 416 277 certamina
447 243 486 276 et
514 236 688 288 pericula
718 249 787 275 sua
818 235 865 274 ad
896 233 1120 273 consulatus
1150 233 1364 275 evexerint,
1395 231 1497 270 malo
1518 243 1630 270 secu-

87 305 173 333 rum
212 299 252 333 et
287 295 464 345 quietum
494 293 644 344 Virgilii
681 303 900 335 secessum,
939 291 980 328 in
1011 302 1088 341 quo
1118 294 1249 328 tamen
1280 299 1406 339 neque
1438 287 1541 338 apud
1572 287 1631 326 di-

87 362 176 389 vum
197 351 413 400 Augustum
444 350 568 400 gratia
599 350 728 388 caruit
756 359 883 398 neque
907 346 1007 398 apud
1031 345 1218 396 populum
1243 344 1459 383 Romanum
1481 343 1629 382 notitia.

85 410 208 445 testes
238 406 400 456 Augusti
429 405 629 456 epistolae,
661 406 775 443 testis
804 404 888 454 ipse
918 401 1097 454 populus,
1130 402 1198 452 qui
1229 400 1374 439 auditis
1403 401 1443 438 in
1473 399 1628 438 theatro

85 460 239 512 Virgilii
275 461 458 501 versibus
497 461 668 500 surrexit
706 462 914 499 universus
952 463 990 497 et
1019 458 1123 496 sorte
1154 461 1403 508 praesentem
1437 454 1630 508 [spectan-

85 524 245 569 temque
279 515 504 569 Virgilium]
545 522 752 555 veneratus
790 522 849 555 est
886 516 942 554 sic
980 513 1090 565 quasi
1118 514 1349 563 Augustum.
1396 524 1444 550 ne
1485 513 1630 550 nostris

85 574 245 625 quidem
273 572 519 623 temporibus
550 572 754 612 Secundus
775 572 1014 622 Pomponius
1034 570 1126 609 Afro
1148 569 1318 608 Domitio
1351 568 1408 606 vel
1441 567 1628 618 dignitate

84 631 186 669 vitae
216 630 276 669 vel
306 630 568 679 perpetuitate
601 629 726 668 famae
748 629 924 666 cesserit.
964 638 1053 665 nam
1074 626 1235 676 Crispus
1255 626 1328 663 iste
1350 629 1389 663 et
1409 623 1628 663 Marcellus,

85 686 132 725 ad
173 697 340 737 quorum
380 685 556 735 exempla
595 697 656 723 me
695 696 830 728 vocas,
869 683 962 734 quid
1000 681 1146 720 habent
1182 683 1221 720 in
1261 681 1333 719 hac
1371 692 1440 720 sua
1470 680 1629 718 fortuna

85 741 468 792 concupiscendum?
527 742 630 792 quod
673 741 814 779 timent
857 752 905 778 an
950 738 1053 790 quod
1099 737 1314 776 timentur?
1370 736 1494 788 quod,
1540 747 1631 774 cum

84 795 260 849 quotidie
299 797 445 848 aliquid
484 803 693 847 rogentur,
734 798 762 834 ii
794 798 938 847 quibus
968 799 1169 845 praestant
1199 793 1477 843 indignantur?
1526 791 1630 843 quod

85 853 229 904 alligati
260 851 388 905 [cum]
428 853 648 892 adulatione
681 864 751 891 nec
781 850 1069 904 imperantibus
1101 862 1283 901 umquam
1316 850 1410 887 satis
1440 849 1543 886 servi
1574 849 1630 885 vi-

85 910 229 949 dentur
266 921 339 948 nec
378 909 490 948 nobis
529 912 624 948 satis
659 909 801 947 liberi?
846 920 946 959 quae
978 906 1073 945 haec
1105 917 1253 944 summa
1286 917 1423 944 eorum
1454 905 1630 955 potentia

85 966 169 1004 est?
200 971 349 1004 tantum
382 978 498 1016 posse
529 965 663 1004 liberti
694 963 830 1003 solent..
876 976 938 1002 me
970 975 1061 1001 vero
1094 962 1240 1005 dulces,
1272 967 1316 1000 ut
1348 961 1533 1011 Virgilius
1563 961 1629 1003 ait,

84 1021 217 1060 Musae
256 1027 451 1061 remotum
492 1034 513 1060 a
551 1020 884 1060 sollicitudinibus
916 1025 953 1058 et
984 1020 1089 1057 curis
1120 1024 1158 1057 ct
1188 1019 1422 1056 necessitate
1454 1015 1631 1067 quotidie

85 1077 233 1129 aliquid
280 1083 416 1117 contra
455 1078 625 1116 animum
666 1077 835 1116 faciendi
877 1078 915 1114 in
955 1074 1021 1114 illa
1062 1087 1170 1113 sarra
1209 1074 1374 1125 illosque
1414 1074 1470 1111 ad
1506 1072 1633 1111 l'ontes

139 1260 288 1304 Viryiliz'
331 1271 509 1294 secessum.
566 1260 686 1304 Virgss
729 1260 823 1295 hielt

85 1307 162 1342 sich
188 1308 268 1342 eine
295 1307 464 1352 Zeitlang
487 1307 525 1342 in
550 1307 693 1351 Neapel
717 1307 790 1342 auf.

940 1258 1035 1303 quod
1069 1268 1148 1292 cum
1182 1258 1340 1302 quotidie
1371 1268 1400 1291 e.
1428 1269 1461 1301 q.
1489 1269 1515 1291 s.
1559 1256 1633 1290 Der

895 1306 983 1341 Sinn
1009 1305 1126 1340 dieser
1146 1304 1260 1339 Stelle
1280 1304 1423 1339 scheint
1442 1303 1634 1348 folgender

131 1367 173 1400 in
197 1366 342 1402 theatro.
380 1366 518 1411 Virgils
542 1365 704 1410 Eclogen
728 1378 820 1400 wur-

85 1413 155 1448 den
174 1413 300 1457 hliufig
317 1413 383 1447 auf
399 1413 462 1448 der
476 1413 603 1447 Biihne
624 1425 821 1457 gesungen,

82 1460 242 1542 {plez-{SR
270 1460 328 1495 die
356 1465 386 1495 6.
408 1460 543 1505 Ecloge
570 1471 642 1495 von
669 1461 733 1495 der
753 1460 819 1505 Cy-

131 1567 291 1600 swrrescit
315 1567 515 1607 universus,
543 1566 637 1601 ‘sich
663 1566 732 1600 wie
753 1566 822 1600 ein

85 1613 198 1648 Mann
223 1613 369 1654 erhob,'
399 1613 479 1647 eine
505 1613 611 1655 Ehre‚
639 1613 697 1647 die
724 1616 823 1648 sonst

85 1672 153 1694 nur
178 1660 262 1695 dem
287 1660 415 1695 Kaiser
441 1660 575 1704 erzeigss
600 1660 735 1694 wurde.

131 1719 195 1753 sic
219 1720 326 1763 quasi
350 1720 566 1763 Anyustum.
602 1719 726 1763 Vergl.
749 1718 822 1753 Cic.

85 1765 133 1800 ad
158 1765 244 1800 fam.
271 1769 309 1808 9,
339 1770 397 1808 16,
426 1770 462 1799 2:
496 1769 536 1800 ut
560 1767 666 1809 quasi
691 1777 823 1800 aurum.

84 1813 176 1858 igni,
200 1814 253 1847 sic
272 1813 511 1847 benevolentia
529 1813 644 1855 fidelis
658 1813 823 1857 periculo

86 1860 208 1905 aliquo
228 1861 389 1904 perspici
408 1861 534 1904 possit.

135 1918 359 1963 Pomponius
379 1918 576 1953 Secundus.
608 1918 729 1953 Ueber
748 1918 822 1952 die-

86 1977 149 2000 sen
158 1966 370 2011 tragischen
377 1965 528 2001 Dichter
535 1965 689 2000 urtheilt
699 1965 821 2007 Quint.

87 2017 142 2056 10,
171 2017 201 2056 1,
228 2016 289 2048 98:
316 2023 436 2047 eorum
461 2013 712 2058 (tragicorum)
737 2023 824 2057 quos

85 2060 253 2102 viderim,
279 2060 381 2105 lonye
399 2061 571 2104 princeps
599 2060 824 2104 Pomponius

85 2105 284 2149 Secundus,
309 2118 410 2151 quem
435 2117 532 2141 senes
551 2118 687 2151 parum
711 2107 823 2150 tragi-

85 2164 166 2189 cum
183 2154 388 2198 putabant,
414 2154 615 2189 eruditione
640 2165 683 2188 stc
707 2155 824 2188 nitore

82 2204 270 2246 praestare
295 2201 565 2244 confitebantur.

133 2258 318 2294 Domitius
343 2259 434 2303 Afer
460 2270 535 2293 war
560 2259 655 2294 nach
682 2258 823 2300 Quinti—

84 2305 180 2341 h'ans
198 2306 344 2341 Urtheil
361 2306 480 2341 neben
500 2306 619 2341 Julius
631 2306 825 2340 Africanus

86 2353 151 2388 der
163 2353 427 2388 bedeutendste
441 2353 587 2388 Redner
601 2353 718 2388 seiner
733 2353 823 2388 Zeit.

85 2399 191 2435 Doch
226 2411 302 2435 war
340 2412 378 2435 er
407 2401 502 2435 nach
535 2400 683 2435 Tacitus
715 2400 821 2444 (Anu.

86 2450 120 2491 4,
146 2448 204 2490 52)
224 2447 454 2492 prosperiore
478 2448 697 2492 eloquentiae
716 2458 823 2491 quam

85 2504 225 2529 morum
249 2494 362 2537 fama.
400 2494 450 2529 Er
468 2495 568 2529 starb
588 2496 695 2529 unter
713 2494 822 2529 Nero.

132 2552 263 2587 habent
310 2554 628 2597 concupiscendum
638 2567 651 2595 ‚·
698 2553 824 2588 habere

85 2599 156 2634 mit
186 2599 270 2634 dem
307 2600 550 2644 gerundivum
580 2600 660 2635 hier
690 2600 728 2634 in
760 2600 824 2634 der

86 2646 335 2691 eigentlichen
365 2646 584 2692 Bedeutung
618 2647 823 2690 ‘besitzen',

86 2693 218 2728 andere
239 2704 267 2728 c.
288 2697 326 2728 8:
347 2695 588 2738 eoqnoscenda
606 2695 822 2729 haberemus,

133 2751 229 2796 quod
250 2752 385 2793 timent,
405 2752 482 2786 scil.
496 2753 710 2797 principem,
730 2753 825 2797 quod

87 2798 258 2833 timentur
283 2799 358 2834 scil.
385 2809 407 2833 a
433 2799 562 2834 ceteris
589 2799 766 2834 omnibus.

894 1365 936 1387 zu
963 1353 1056 1387 sein:
1092 1352 1275 1387 Niemand
1301 1351 1428 1385 scheut
1453 1351 1547 1393 sich,
1579 1351 1632 1386 sie

893 1400 1035 1444 tiiglich
1072 1400 1139 1433 mit
1174 1400 1299 1434 seinen
1335 1399 1459 1433 Bitten
1494 1410 1536 1432 zu
1570 1398 1632 1433 be-

893 1447 1051 1491 liistigen
1094 1446 1169 1480 und
1207 1446 1369 1480 dadin-ch
1406 1446 1511 1480 ihren
1548 1445 1632 1480 Ein-

893 1494 977 1528 fluss
1015 1494 1066 1528 im
1105 1494 1259 1539 eigenen
1295 1494 1471 1528 Interesse
1507 1503 1632 1527 auszu-

894 1542 1045 1581 beuten;
1066 1541 1141 1575 und
1161 1540 1328 1575 dennoch
1348 1540 1452 1583 giebt
1470 1551 1507 1574 es
1527 1541 1634 1574 unter

895 1589 1126 1633 denjenigen,
1152 1588 1317 1622 welchen
1344 1587 1394 1622 sie
1427 1589 1487 1630 (an
1507 1587 1633 1621 Macht

896 1636 970 1670 und
994 1635 1160 1675 Einfluss')
1187 1635 1386 1679 iiberlegen
1412 1634 1508 1677 sind,
1539 1635 1633 1678 (qui-

895 1683 961 1717 bus
986 1684 1207 1726 praestant),
1240 1681 1396 1720 Keinen„
1435 1681 1500 1715 der
1530 1681 1635 1716 nicht

894 1730 932 1764 in
968 1730 1086 1764 dieser
1111 1730 1209 1763 ihrer
1235 1728 1404 1773 Stellung
1429 1731 1542 1763 etwas
1568 1740 1632 1762 un-

895 1777 1078 1821 wiirdiges
1104 1776 1230 1817 fandffl
1258 1776 1414 1817 Keinen,
1442 1775 1507 1810 der
1531 1775 1635 1809 nicht

896 1826 1010 1868 sagte,
1035 1823 1116 1858 dass
1136 1824 1251 1858 Lente
1272 1834 1343 1857 von
1363 1823 1525 1857 besserer
1543 1822 1633 1856 Her-

895 1871 1004 1906 kunft
1016 1870 1091 1905 und
1106 1870 1337 1905 ehrbarerem
1346 1869 1636 1904 Lebenswandel

897 1920 939 1961 (c.
972 1922 1006 1960 8)
1045 1918 1148 1952 ihren
1180 1917 1283 1952 Platz
1321 1917 1517 1962 passender
1554 1928 1633 1951 aus-

895 1965 1012 2000 fiillcn
1038 1965 1198 1999 wiirden.

944 2047 1089 2091 alliqati
1102 2047 1326 2081 adulatione:
1343 2047 1401 2081 die
1411 2046 1633 2089 Kriecherei,

897 2095 990 2129 ohne
1028 2094 1166 2128 welche
1205 2094 1298 2128 auch
1333 2094 1397 2128 der
1430 2093 1540 2127 Hund
1574 2093 1633 2128 die

896 2142 1013 2176 Gunst
1056 2141 1172 2176 seines
1209 2141 1327 2176 Herrn
1371 2153 1414 2174 zu
1455 2140 1634 2175 verlieren

894 2188 1074 2231 fui-ahten
1106 2188 1155 2223 ist
1181 2188 1239 2223 die
1265 2188 1404 2230 Fessel‚
1436 2188 1495 2222 (lie
1521 2187 1634 2222 ihnen

892 2235 977 2280 jede
1026 2235 1115 2270 freie
1160 2235 1372 2279 Bewegung
1419 2234 1635 2279 unmoglich

896 2283 1031 2317 macht.

943 2353 1080 2395 liberti,
1123 2364 1170 2387 sc.
1204 2354 1406 2397 principis,
1448 2352 1507 2387 ein
1543 2352 1633 2387 Aus-

897 2400 1011 2434 druck
1037 2400 1102 2435 der
1126 2400 1381 2442 Verachtung,
1413 2399 1467 2434 als
1493 2399 1635 2434 solcher

897 2447 1064 2491 zugleich
1095 2448 1264 2481 Antwort
1301 2447 1367 2481 auf
1396 2458 1472 2491 cap.
1508 2450 1538 2489 7,
1576 2457 1633 2481 wo

897 2495 995 2538 Aper
1020 2494 1098 2528 sich
1123 2494 1312 2538 gliicklich
1337 2493 1461 2538 preist,
1487 2493 1633 2538 Freige-

896 2541 1035 2575 lassene
1051 2541 1114 2575 des
1124 2541 1268 2575 Kaisers
1282 2541 1397 2575 durch
1412 2541 1491 2575 eine
1505 2540 1634 2585 gliick-

895 2587 991 2622 liche
1004 2588 1298 2633 Vertheidigung
1311 2588 1388 2622 sich
1402 2587 1636 2632 verpflichtet

897 2647 940 2669 zu
964 2635 1097 2670 haben.

944 2708 983 2738 ut
1023 2705 1201 2749 Via-yacus
1233 2705 1302 2739 ait:
1336 2705 1458 2750 Georg
1484 2709 1515 2748 2,
1548 2708 1634 2739 475:

897 2763 949 2786 me
976 2762 1055 2786 vero
1073 2753 1238 2796 primum
1262 2752 1382 2787 dulces
1406 2756 1489 2787 ante
1513 2752 1635 2787 omnia

899 2799 1033 2833 Musae
1059 2820 1100 2825 —
1128 2800 1333 2843 accepiant!
