1828 3044
740 98 1034 140 —65—

113 205 206 246 libri
237 211 370 245 extant
403 210 444 244 ut
472 204 546 256 ipsi
576 215 734 256 quoque
756 203 824 254 qui
843 203 1040 254 legerunt,
1077 213 1156 242 non
1177 202 1262 242 aliis
1282 203 1406 253 magis
1427 200 1672 242 orationibus

113 262 393 302 accendantur.

223 318 305 357 Iam
325 328 419 356 vero
437 318 641 356 contiones
657 315 836 354 assiduae
853 320 892 354 et
908 313 1042 354 datum
1060 316 1122 354 ius
1139 314 1455 367 potentissimum
1470 324 1668 367 quemque
1687 314 1742 353 40

113 373 279 414 vexandi
309 380 426 423 atque
454 373 538 422 ipsa
567 371 863 411 inimicitiarum
893 370 1031 420 gloria,
1063 383 1155 410 cum
1187 383 1230 410 se
1251 371 1410 422 plurimi
1430 370 1669 410 disertorum

111 442 162 469 ne
193 441 215 468 a
244 429 286 468 P.
320 429 479 480 quidem
510 428 694 479 Scipione
724 431 792 466 aut
819 426 863 465 L.
888 426 994 466 Sulla
1025 432 1093 466 aut
1113 427 1183 466 Cn.
1205 425 1392 478 Pompeio
1424 425 1670 466 abstinerent

112 493 151 526 et
181 486 228 525 ad
259 484 514 525 incessendos
542 483 742 535 principes
771 483 889 533 viros,
922 489 964 522 ut
994 488 1055 522 est
1075 488 1215 522 natura
1236 481 1415 527 invidiae,
1447 482 1670 521 histriones

111 552 269 593 quoque
307 541 441 593 populi
472 539 638 579 auribus
668 543 893 584 uterentur,
926 544 1114 591 quantum
1145 539 1327 579 ardorem
1357 539 1540 588 ingeniis,
1572 548 1670 588 quas

112 597 340 637 oratoribus
369 598 475 636 faces
505 595 783 635 admovebant!

223 651 246 675 ’⁵‘
270 651 293 675 ²²²
325 652 412 692 Non
449 653 497 692 de
537 652 661 691 otiosa
700 657 739 691 et
779 652 910 703 quieta
951 663 994 691 re
1032 652 1232 703 loquimur
1270 656 1310 690 et
1340 663 1439 702 quae
1470 649 1668 702 probitate

110 715 150 750 et
193 709 381 749 modestia
420 707 608 760 gaudeat,
654 707 723 746 sed
764 713 824 747 est
859 719 999 758 magna
1037 707 1102 747 illa
1143 714 1181 747 et
1224 707 1407 746 notabilis
1446 706 1668 759 eloquentia

111 766 267 805 alumna
296 764 496 809 licentiae,
529 776 647 816 quam
677 763 787 803 stulti
818 763 1039 803 libertatem
1069 770 1221 809 vocant,
1254 775 1388 803 comes
1419 762 1667 807 seditionum,

50 871 52 873 v
111 822 292 861 effrenati
321 821 457 873 populi
486 821 803 865 incitamentum,
835 821 921 859 sine
953 819 1163 871 obsequio,
1197 822 1282 859 sine
1313 820 1542 862 severitate,
1574 829 1668 857 con-

111 884 245 917 tumax
275 877 485 916 temeraria
517 882 718 927 arrogans,
751 888 850 928 quae
881 877 921 915 in
952 875 1055 915 hene
1086 875 1308 915 constitutis
1338 874 1560 914 civitatibus
1590 885 1669 913 non

110 934 248 973 oritur.
300 944 436 984 quem.
463 934 570 972 enim
615 937 814 971 oratorem
853 932 1233 977 Lacedaemonium,
1282 942 1399 981 quem
1439 931 1669 970 Cretensem

108 990 361 1040 accepimus?
411 1001 577 1040 quarum
609 989 810 1028 civitatum
832 989 1082 1027 severissima
1105 988 1314 1039 disciplina
1335 993 1374 1026 et
1396 988 1669 1026 severissimae

110 1046 218 1097 leges
253 1045 477 1084 traduntur.
529 1056 578 1084 ne
617 1044 874 1084 Macedonum
913 1044 1074 1096 quidem
1113 1056 1158 1083 ac
1196 1044 1409 1083 Persarum
1449 1047 1516 1082 aut
1552 1040 1670 1081 ullius

109 1102 262 1152 gentis,
305 1112 403 1151 quae
441 1107 552 1140 certo
582 1101 751 1152 imperio
783 1105 965 1139 contenta
996 1101 1138 1146 suerit,
1179 1100 1443 1152 eloquentiam
1474 1100 1667 1138 novimus.

109 1158 254 1197 Rhodii
285 1157 456 1209 quidam,
488 1157 651 1208 plurimi
672 1156 935 1196 Athenienses
966 1161 1144 1196 oratores
1175 1158 1405 1199 extiterunt,
1438 1155 1540 1206 apud
1571 1166 1671 1206 quos

112 1215 241 1253 omnia
271 1213 461 1265 populus,
494 1215 624 1251 omnia
656 1212 851 1262 imperiti,
884 1213 1026 1257 omnia,
1060 1218 1101 1251 ut
1131 1214 1187 1251 sic
1219 1213 1401 1256 dixerim,
1435 1222 1572 1250 omnes
1601 1222 1669 1261 po-

111 1275 251 1310 terant.
302 1275 435 1308 nostra
467 1280 623 1320 quoque
655 1269 810 1314 civitas,
843 1269 969 1307 donec
1000 1269 1157 1313 erravit,
1191 1268 1315 1307 donec
1348 1280 1388 1307 se
1420 1266 1600 1319 partibus
1630 1272 1670 1305 et

115 1325 430 1365 dissensionibus
461 1331 501 1364 et
531 1324 742 1364 discordiis
773 1325 963 1369 confecit,
997 1324 1122 1363 donec
1153 1324 1258 1364 nulla
1290 1324 1362 1362 suit
1393 1324 1431 1362 in
1464 1322 1548 1362 i'oro
1579 1334 1666 1374 pax,

110 1467 249 1503 welche
270 1467 323 1502 sie
339 1479 407 1501 nm·
421 1467 569 1511 gelesen
583 1466 714 1509 haben,
735 1467 850 1501 durch

110 1515 161 1550 sie
196 1515 300 1549 melu·
334 1514 563 1558 hingerissen
596 1514 760 1556 werden,
797 1514 850 1548 als

109 1562 225 1596 durch
251 1561 386 1596 andere
405 1561 542 1604 Recten,
568 1560 628 1594 die
654 1561 706 1595 sie
724 1560 849 1595 heren.

156 1621 240 1664 ipsa
258 1620 538 1654 inimicitiarum
549 1619 678 1662 qloria.
708 1618 850 1653 Privat-

107 1667 377 1703 seindschaften
426 1667 600 1701 rechnete
643 1676 727 1700 man
774 1666 851 1700 sich

108 1726 190 1749 zum
215 1714 359 1749 Ruhme
390 1725 454 1757 an,
486 1713 571 1747 weil
603 1725 670 1746 nur
703 1712 762 1747 ein
788 1712 851 1746 be-

108 1761 311 1797 deutender
336 1761 448 1795 Manu
473 1760 610 1795 Peinde
637 1760 752 1794 hatte.

154 1819 346 1854 histriones
403 1829 559 1864 φώρια),-
617 1818 733 1853 selbst
791 1819 850 1853 die

110 1866 381 1911 Schauspieler‚
414 1867 532 1901 denen
563 1866 659 1900 doch
691 1865 755 1899 das
787 1876 850 1909 po-

110 1913 255 1949 litische
276 1913 410 1948 Gebiet
434 1913 512 1948 fem
531 1913 636 1957 liegt,
663 1912 794 1947 liessen
814 1923 851 1947 es

109 1960 187 1995 sich
223 1961 429 2006 angelegen
462 1960 557 2003 sein,
595 1960 660 1994 das
693 1959 853 1994 Scandal

109 2007 280 2042 liebende
305 2007 500 2042 Publicum
532 2007 601 2042 mit
632 2006 851 2051 gelifissigen

108 2054 391 2099 Bemerkungen
464 2054 554 2088 iiber
620 2053 851 2088 bedentende

113 2100 391 2136 Staatsmiinner
417 2114 460 2136 zu
486 2101 732 2136 unterhasten.

157 2160 226 2203 fax
244 2175 288 2188 =
306 2160 475 2195 stimulus
500 2160 612 2194 schon
633 2159 692 2194 bei
713 2159 850 2194 Cicero.

110 2207 326 2242 Ausdriicke
363 2207 432 2242 wie
472 2207 587 2250 facem
624 2207 713 2241 bello
744 2216 853 2250 prae-

108 2254 203 2296 ferre
228 2254 319 2298 (die
338 2254 593 2299 Kriegsfackel
613 2252 852 2295 entziinden')

109 2300 235 2336 bilden
279 2301 349 2336 den
388 2301 610 2346 Uebergang
653 2313 696 2334 zu
734 2300 853 2335 dieser

110 2347 313 2383 bildlichen
337 2347 582 2392 Anwendung
607 2347 670 2382 des
693 2347 850 2381 W'ortes.

156 2404 244 2442 Non
263 2406 306 2441 cle
323 2407 449 2441 otiosa.
475 2406 546 2440 Mit
559 2406 682 2441 diesen
697 2406 852 2440 Worten

108 2453 264 2498 beginnt
306 2453 366 2488 die
409 2453 510 2488 Rede
553 2453 616 2488 des
653 2453 851 2496 Maternus,

109 2501 221 2535 deren
258 2499 407 2545 Anfang
450 2500 618 2545 zugleich
660 2500 730 2535 mit
767 2500 851 2534 dem

110 2547 258 2583 Schluss
277 2547 342 2582 der
361 2547 460 2582 Rede
481 2547 544 2582 des
558 2547 730 2582 Messalla
750 2546 853 2590 (oder

110 2594 311 2637 Secundus)
355 2593 522 2629 verloren
559 2605 755 2639 gegangen
792 2594 850 2628 ist.

159 2641 311 2676 alwrnna
341 2641 524 2684 licentiae,
550 2661 592 2665 —
621 2651 733 2676 comes
762 2641 851 2675 secli-

84 2689 252 2733 ἶὑπόηἰιηι
278 2707 321 2713 -
347 2698 439 2732 quae
468 2689 510 2723 in
539 2688 624 2722 bene
648 2688 852 2723 constitutis

110 2735 318 2771 civitatibus
347 2745 422 2769 non
453 2736 580 2769 oritur.
625 2735 695 2769 Mit
726 2735 851 2769 diesen

109 2782 265 2817 Worten
309 2781 445 2826 knfipft
480 2782 668 2816 Maternus
708 2793 754 2816 an
792 2782 851 2816 die

110 2829 239 2864 Worte
265 2829 328 2864 des
354 2828 481 2864 Cicero
507 2840 553 2863 an
578 2829 711 2863 Brutus
737 2840 766 2863 c.
791 2832 849 2862 12:

182 2893 314 2927 Tacitus,
333 2894 405 2920 dial.
423 2894 467 2920 ed.
487 2894 651 2920 Audi-esen.

919 1468 1027 1510 pacis
1052 1470 1101 1501 est
1126 1477 1262 1501 comes
1287 1467 1404 1510 otique
1422 1466 1521 1500 socia
1540 1468 1572 1499 et
1590 1465 1665 1499 iam

925 1514 1035 1548 bene
1084 1514 1388 1548 constitutae
1436 1512 1668 1547 civitatis

924 1562 1030 1605 quasi
1056 1561 1236 1595 alumna
1261 1561 1438 1604 quaedam
1457 1559 1669 1604 eloquentia,

925 1608 1064 1642 welche
1114 1608 1179 1642 das
1223 1607 1581 1652 Entgegengesetzte
1624 1618 1668 1640 zu

925 1655 1138 1698 behaupten
1182 1653 1365 1689 scheinen.
1410 1653 1515 1688 Doch
1553 1652 1670 1688 denkt

925 1702 1003 1736 sich
1035 1702 1162 1736 Cicero
1194 1701 1248 1735 als
1280 1701 1484 1745 Gegensatz
1518 1712 1562 1735 zu
1587 1710 1670 1743 pax

925 1749 999 1782 und
1036 1749 1149 1783 otium
1184 1748 1288 1782 nicht
1322 1748 1446 1782 innere
1482 1747 1669 1789 Unruhen,

925 1796 1080 1830 sondern
1118 1799 1261 1830 {iussere
1300 1795 1451 1839 Kriege,
1492 1793 1667 1829 wahrend

925 1854 963 1877 er
988 1843 1053 1877 der
1079 1843 1164 1877 bene
1189 1843 1386 1877 constituta
1412 1842 1542 1876 civitas
1560 1840 1667 1876 einen

925 1890 1019 1925 noch
1077 1889 1127 1923 im
1177 1889 1382 1924 Entstehen
1431 1887 1669 1933 begriffenem

927 1937 1030 1971 nicht
1049 1937 1137 1972 aber
1157 1937 1264 1971 einen
1285 1936 1549 1970 anarchischen
1563 1934 1671 1970 Staat

926 1983 1252 2028 gegenfibelstellt.
1278 2004 1320 2008 -
1347 1984 1439 2017 Dass
1465 1982 1593 2017 Cicero
1616 1982 1669 2016 im

926 2029 1073 2065 Grunde
1109 2031 1168 2065 die
1200 2030 1356 2065 Ansicht
1387 2030 1450 2064 des
1481 2029 1670 2064 Maternus

926 2078 1054 2121 theilt,
1081 2078 1179 2122 zeigt
1204 2078 1249 2112 de
1276 2080 1367 2112 orat..
1397 2082 1427 2120 1,
1455 2081 1487 2119 9,
1513 2080 1575 2112 38:
1607 2086 1670 2121 eyo

925 2135 1006 2159 vero
1048 2125 1082 2159 si
1117 2125 1222 2159 velim
1258 2128 1291 2159 et
1328 2127 1472 2159 nostrae
1509 2124 1669 2158 civitatis

926 2172 1096 2216 eoeemplis
1120 2172 1177 2206 uti
1201 2175 1232 2206 et
1258 2171 1429 2213 aliarum,
1449 2171 1565 2215 plura
1580 2180 1668 2214 pro-

926 2219 1020 2260 ferre
1063 2220 1201 2263 possim
1249 2219 1464 2253 detrimenta
1506 2217 1669 2262 publicis

925 2266 1030 2300 rebus
1055 2277 1163 2310 quam
1189 2266 1399 2300 adiumenta
1419 2275 1488 2309 per
1510 2265 1669 2299 homines

925 2313 1229 2357 eloquentissimos
1253 2314 1460 2356 importata.
1497 2311 1561 2346 Als
1586 2311 1668 2346 Bei-

925 2360 1018 2404 spiel
1030 2360 1178 2395 werden
1193 2360 1252 2394 die
1260 2360 1451 2394 Gracchen
1458 2358 1668 2403 angefiihrt,

924 2407 1065 2442 welche
1079 2407 1282 2451 eloquentia
1295 2406 1551 2451 rempublicam
1565 2405 1669 2440 (lissi-

919 2458 1112 2498 paverunt.

972 2501 1310 2543 Lacedaemoniam,
1336 2500 1450 2545 vergi.
1472 2499 1546 2535 Cic.
1566 2499 1667 2534 Brut.

927 2552 987 2591 13,
1027 2552 1087 2583 50:
1126 2548 1452 2584 Lacedaemonium
1488 2556 1570 2581 vero
1607 2547 1668 2590 (sc.

927 2596 1123 2638 oratorem)
1149 2605 1260 2640 nsque
1285 2596 1334 2630 acl
1358 2595 1422 2629 hoc
1447 2597 1585 2638 tempus
1604 2603 1668 2628 au—

925 2642 1001 2677 divi
1025 2642 1138 2684 fnisse
1161 2643 1347 2677 neminem.

972 2690 1108 2723 erravit
1138 2689 1253 2734 vergl.
1287 2700 1365 2734 cap.
1398 2692 1458 2724 36:
1491 2690 1668 2733 quantum

924 2736 1065 2770 erranti
1083 2736 1223 2780 populo
1242 2735 1463 2780 persuadere
1480 2737 1637 2779 poterat.

968 2783 1140 2826 partibus
1171 2786 1204 2818 et
1228 2782 1514 2818 dissensionibus
1538 2785 1571 2816 et
1595 2781 1667 2816 dis—

923 2830 1066 2864 cordiis.
1112 2830 1180 2865 Die
1221 2830 1421 2875 geh'ituften
1455 2827 1668 2873 Synonyma

1364 2903 1383 2922 O
