1828 3044
799 105 1091 147 -56—

164 210 373 260 prosequi,
412 210 529 249 buius
560 209 743 250 omnibus
773 210 1013 250 dictionibus
1042 211 1235 250 interesse
1267 212 1347 250 sive
1377 212 1417 250 in
1448 213 1609 253 iudiciis
1640 214 1725 253 sive

164 267 205 303 in
244 265 494 304 contionibus
533 265 804 311 assuescebat,
844 268 898 305 ita
938 273 980 306 ut
1018 265 1298 305 altercationes
1334 279 1489 319 quoque
1519 269 1721 320 exciperet

166 327 205 359 et
234 321 372 370 iurgiis
402 323 625 368 interesset,
658 327 778 374 utque
808 323 865 361 sic
887 322 1068 368 dixerim,
1101 334 1276 374 pugnare
1298 323 1338 361 in
1360 323 1512 374 proelio
1533 324 1723 364 disceret

165 387 332 426 magnus
363 389 409 416 ex
440 377 514 416 boc
545 390 656 423 usus,
698 378 865 417 inultum
897 379 1160 426 constantiae,
1198 378 1411 430 pluiimum
1441 380 1580 434 iudicii
1610 382 1719 420 iuve-

149 431 283 473 ‚nibus
314 435 446 472 statim
477 433 732 484 contingebat
761 435 802 472 in
835 434 961 473 media
992 433 1080 473 luce
1102 433 1352 473 studentibus
1374 441 1490 487 atque
1510 436 1612 475 intel
1633 438 1721 487 ipsa

167 487 410 535 discrimina,
460 489 526 528 ubi
571 502 687 529 nemo
732 491 892 541 impune
932 489 1049 529 stulte
1088 490 1234 543 aliquid
1273 497 1337 529 aut
1374 492 1570 530 contrarie
1610 491 1717 536 dicit.

165 546 378 595 quominus
409 551 446 584 et
477 545 594 584 iudex
624 552 785 597 respuat
817 552 855 584 et
885 545 1135 585 adversarius
1165 546 1398 598 exprobret,
1438 548 1516 597 ipsi
1547 546 1718 598 denique

164 599 340 639 advocati
379 607 653 652 aspernentur.
704 603 829 652 igitur
867 614 957 641 vera
997 604 1129 641 statim
1169 608 1206 642 et
1235 603 1464 654 incorrupta
1495 602 1719 654 eloquentia

166 655 467 703 imbuebantur;
500 663 539 696 et
569 669 806 709 quamquam
838 670 959 697 unum
990 665 1263 709 sequerentur,
1296 666 1427 697 tamen
1459 670 1594 698 omnes
1615 660 1719 698 eius-

166 711 253 750 dem
292 713 430 752 aetatis
470 719 661 764 patronos
696 715 737 752 in
775 713 958 764 plurimis
1001 720 1041 752 et
1077 716 1206 753 causis
1244 721 1283 753 et
1321 715 1477 754 iudiciis
1509 726 1720 766 cognosce-

164 767 281 813 bant;
321 768 600 820 habebantque
639 771 765 821 ipsius
803 769 935 821 populi
966 769 1328 809 diversissimarum
1367 772 1521 810 aurium
1552 771 1718 822 copiam,

166 835 211 862 ex
253 835 327 874 qua
365 825 480 863 facile
511 825 876 877 deprehenderent,
917 825 1011 875 quid
1042 826 1082 863 in
1114 838 1269 877 quoque
1300 826 1360 864 vel
1392 827 1628 876 probaretur
1658 826 1721 866 vel

165 878 408 930 displiceret.
454 882 509 920 ita
539 894 612 920 nec
644 887 879 933 praeceptor
910 881 1058 926 deerat,
1091 883 1262 933 optimus
1292 882 1451 931 quidem
1473 889 1511 922 et
1531 883 1719 922 electissi-

163 947 271 979 mus,
304 938 371 987 qui
402 937 540 976 faciem
573 937 833 989 eloquentiae,
866 950 943 976 non
974 938 1186 988 imaginem
1217 943 1449 989 praestaret,
1480 950 1554 978 nee
1584 938 1719 978 adver—

165 992 258 1030 sarii
305 998 342 1031 et
390 993 533 1032 aemuli
577 994 704 1038 ferro,
751 1006 831 1032 non
869 993 1036 1033 rudibus
1073 994 1325 1039 dimicantes,
1372 1006 1445 1033 nec
1482 994 1719 1034 auditorium

163 1059 320 1099 semper
355 1048 535 1099 plenum,
574 1061 732 1100 semper
762 1061 923 1095 novum,
964 1051 1128 1089 mixtum
1160 1062 1205 1089 ex
1238 1050 1381 1089 invidis
1411 1057 1450 1090 et
1479 1050 1719 1096 faventibus,

163 1109 207 1142 ut
244 1116 318 1142 nec
358 1104 459 1144 bene
498 1117 571 1145 nee
607 1108 736 1145 minus
773 1106 868 1145 bene
905 1106 1008 1145 dicta
1047 1106 1407 1145 dissimularentur.
1467 1107 1576 1145 scitis
1615 1107 1721 1145 enim

164 1171 343 1210 magnam
382 1161 486 1200 illam
526 1169 563 1201 et
602 1162 830 1201 duraturam
862 1160 1110 1212 eloquentiae
1142 1163 1286 1201 samam
1318 1174 1396 1201 non
1427 1163 1558 1202 minus
1587 1163 1628 1201 in
1660 1162 1719 1201 di-

163 1218 288 1254 versis
326 1216 525 1256 subselliis
555 1219 686 1269 parari
717 1230 832 1269 quam
865 1221 905 1257 111
937 1220 1038 1263 suis,
1076 1217 1166 1257 iude
1198 1219 1294 1269 quin
1324 1219 1443 1257 immo
1476 1219 1720 1258 constantius

163 1283 345 1322 surgere,
393 1273 450 1311 ibi
497 1274 650 1313 fidelius
696 1273 961 1313 corroborari.
1012 1281 1128 1325 atque
1175 1274 1338 1313 hercule
1376 1274 1448 1313 sub
1488 1275 1574 1314 eius
1614 1274 1719 1314 modi

161 1329 490 1378 praeceptoribus
528 1331 681 1369 iuvenis
712 1331 776 1369 ille
809 1331 857 1369 de
888 1342 967 1382 quo
997 1330 1214 1381 loquimur,
1256 1336 1457 1369 oratorum
1489 1330 1718 1382 discipulus,

162 1382 238 1422 fori
276 1385 452 1430 auditor,
493 1392 665 1426 sectator
702 1386 964 1436 iudiciorum,
1006 1386 1187 1425 eruditus
1226 1393 1265 1425 et
1302 1386 1543 1426 assuefactus
1579 1385 1719 1425 alienis

163 1441 466 1491 experimentis,
500 1444 564 1482 cui
596 1443 773 1493 quotidie
805 1442 981 1482 audienti
1014 1448 1128 1481 notae
1159 1442 1279 1492 leges,
1314 1454 1391 1481 11011
1424 1444 1513 1482 novi
1545 1442 1719 1481 iudicum

211 1611 415 1647 altercatio:
446 1613 553 1647 Nach
583 1613 813 1648 vollendeter
837 1613 904 1647 Be-

161 1658 415 1704 weisfiihrung
450 1660 633 1694 richteten
667 1660 726 1695 die
761 1660 903 1695 heider-

161 1705 318 1749 seitigen
342 1706 514 1742 Anw'alte
539 1707 682 1751 Fragen
713 1707 788 1741 und
812 1708 904 1741 Ant-

161 1754 302 1787 worten
328 1764 375 1787 an
402 1754 592 1797 einander,
618 1766 681 1788 um
708 1754 766 1789 die
792 1754 903 1788 wich-

160 1798 300 1843 tigsten
316 1800 457 1835 Puncte
482 1801 578 1835 noch
599 1801 736 1835 einmal
754 1801 903 1835 hervor-

161 1846 337 1881 zuheben.
362 1847 430 1882 Die
445 1847 631 1883 altercatio
644 1848 693 1883 ist
704 1850 902 1893 entgegen—

162 1896 301 1937 gesetzt
351 1894 422 1928 den
465 1898 662 1939 perpetuae
711 1896 904 1937 orationes,

159 1940 302 1974 welche
327 1940 385 1974 ihr
404 1942 655 1986 vorangehen3
683 1942 742 1976 die
761 1941 903 1976 beider·

161 1987 292 2031 seitige
312 1988 552 2033 Erbitterung
576 1988 699 2024 fiihrte
726 1989 841 2023 leicht
860 2001 904 2022 zu

160 2033 445 2078 beleidigenden
459 2036 750 2081 Aeusserungen,
771 2036 903 2070 daher:

161 2084 192 2115 et
219 2081 351 2126 iuryz'is
376 2083 587 2118 interesset.'

208 2130 250 2162 111
280 2129 397 2163 media
430 2130 524 2164 lucc:
558 2129 680 2172 Quint.
710 2133 764 2173 12,
799 2133 831 2172 2,
864 2133 903 2165 8:

160 2175 201 2209 111
220 2175 287 2210 hac
299 2176 374 2219 fori
387 2177 480 2218 Iuce3
499 2177 614 2222 vergl.
630 2177 756 2212 Cicero
770 2177 905 2211 Brutus

161 2225 193 2266 8,
221 2225 280 2256 32:
306 2223 442 2265 forensi
468 2224 553 2258 luce.

207 2270 356 2313 impune
399 2270 517 2306 erhiilt
561 2270 660 2305 seine
695 2270 905 2315 Erkliirung

160 2315 235 2349 und
261 2317 502 2363 Ausfi'ihrung
535 2318 572 2352 in
605 2318 688 2352 dem
720 2318 791 2352 mit
820 2328 904 2362 quo-

163 2364 282 2398 namus
307 2363 566 2408 beginnenden
594 2364 812 2409 Satzgliede.

209 2412 390 2446 contrarie
409 2411 676 2457 zweckwidrig,
703 2411 786 2446 dem
807 2411 904 2456 eige-

161 2467 232 2491 nen
282 2458 460 2493 Interesse
514 2458 902 2503 entgegenarbeitend.

162 2504 357 2546 (Aehnlich
390 2517 418 2540 6.
447 2509 508 2540 39:
541 2506 659 2550 ipsam
683 2506 774 2550 quin
798 2506 905 2540 immo

161 2560 285 2585 cim-am
336 2562 378 2586 ac
426 2553 610 2597 diliyentis
658 2553 734 2587 stili
780 2553 904 2587 (mexte-

161 2600 268 2632 tatem
306 2600 528 2634 contrariam
561 2599 816 2644 (naehtheilig)
848 2610 905 2634 θω-

156 2645 335 2688 permitur,
357 2646 432 2680 und
453 2658 530 2691 cap.
551 2650 613 2681 34:
639 2647 745 2682 stulte
763 2647 905 2690 aliquid

162 2695 227 2725 aut
259 2694 439 2727 contrarie
469 2694 586 2734 dicit.)
630 2693 755 2735 Quint.
786 2696 838 2737 (8,
871 2697 904 2737 3,

163 2740 220 2779 57)
247 2742 362 2773 neunt
381 2739 434 2774 als
453 2740 596 2784 Fehler,
622 2740 682 2775 die
703 2741 783 2775 eine
802 2740 903 2774 Rede

163 2784 246 2820 (16111
272 2786 395 2821 Inhalt
424 2786 516 2821 nach
543 2787 664 2822 haben
689 2787 805 2830 kann,
838 2787 903 2821 das

162 2833 361 2875 stultum,
388 2844 580 2877 commune,
607 2835 902 2876 contrarium,

977 1623 1257 1656 supervacuum,
1296 1623 1367 1647 von
1406 1613 1524 1648 denen
1556 1612 1616 1647 die
1647 1623 1720 1647 von

977 1659 1147 1694 Messalla
1173 1659 1418 1705 angefiihrten
1444 1659 1640 1695 sieherlieh
1659 1659 1718 1695 die

977 1707 1228 1741 schlimmsten
1255 1707 1346 1741 sind.

1024 1754 1191 1789 ach-ocati
1229 1754 1309 1788 sind
1347 1754 1427 1788 11161·
1458 1754 1552 1788 nach
1584 1753 1718 1788 cicero-

976 1801 1139 1836 11156116111
1168 1801 1496 1845 Spraehgebrauch
1527 1800 1587 1835 die
1615 1801 1722 1835 sach-

976 1848 1236 1893 versti'tndigen
1267 1847 1450 1891 Freunde,
1486 1847 1626 1882 welche
1657 1847 1718 1883 die

976 1895 1261 1939 Ausfiihrungen
1311 1895 1374 1929 des
1416 1894 1720 1929 Prozessirenden

975 1942 1045 1976 mit
1077 1942 1175 1976 ihrer
1201 1941 1422 1986 Gegenwart
1454 1943 1717 1976 unterstiitzen.

975 1988 1116 2023 Anders
1149 1999 1227 2033 cap.
1257 1994 1287 2023 1.
1326 1989 1398 2033 ipsi
1423 1988 1457 2023 d.
1484 1989 1518 2023 h.
1546 1988 1719 2033 obgleich

977 2036 1028 2070 sie
1054 2036 1221 2070 Freunde
1247 2035 1338 2070 sind.

1024 2093 1097 2117 11011
1135 2093 1255 2117 111111113
1287 2084 1326 2117 in
1358 2082 1508 2117 diversis
1537 2082 1718 2117 subselliis

970 2131 1118 2174 parari,
1141 2141 1249 2174 qnam
1268 2130 1309 2164 in
1328 2130 1422 2164 suis:
1448 2129 1500 2163 Zu
1520 2129 1604 2164 dem
1623 2128 1717 2164 Rufe

976 2177 1076 2211 eines
1101 2188 1184 2221 31·50
1179 2188 1249 2211 sen
1274 2176 1437 2211 Redners
1461 2178 1592 2220 ‘ti-agen
1618 2176 1717 2211 seine

977 2224 1124 2267 (tegnei
1154 2224 1257 2258 nicht
1287 2223 1449 2268 wenigei
1478 2222 1555 2266 bei,
1593 2222 1646 2257 als
1679 2233 1719 2258 er

977 2271 1106 2305 selber.
1138 2271 1196 2306 Sic
1211 2270 1358 2306 sordem
1372 2270 1470 2305 seine
1484 2270 1720 2315 Ausbildung

977 2318 1152 2361 dadin-ch,
1168 2318 1249 2352 dass
1264 2317 1315 2352 sie
1329 2318 1392 2352 ihn
1407 2316 1719 2352 aufseineFehler

977 2364 1225 2399 aufmerksam
1242 2365 1408 2408 macheu,
1425 2364 1466 2409 ja
1475 2364 1581 2409 jeder
1594 2374 1720 2409 grosse

976 2412 1122 2446 Redner
1147 2411 1329 2447 verclankt
1351 2411 1474 2446 seinen
1494 2411 1616 2445 Ruhm
1636 2422 1718 2445 zum

977 2470 1127 2503 grossen
1154 2459 1261 2493 Theil
1287 2458 1371 2493 dem
1396 2458 1609 2502 Umstande,
1636 2458 1719 2493 dass

978 2517 1016 2540 er
1035 2505 1266 2540 bedentende
1281 2505 1426 2549 Gegner
1442 2505 1627 2549 gefunden
1640 2505 1720 2540 hat-

976 2552 1082 2588 Denn
1117 2555 1160 2596 (c.
1193 2556 1237 2587 37
1272 2553 1376 2587 ext-r)
1408 2563 1476 2597 quo
1506 2553 1623 2586 maior
1653 2551 1716 2586 acl-

977 2600 1161 2634 versarius
1197 2602 1229 2633 et
1266 2600 1386 2634 acrior
1418 2610 1566 2644 pugma,
1609 2609 1717 2643 quam

976 2646 1047 2681 sibi
1071 2647 1147 2690 ipse
1166 2646 1410 2690 desumpserit,
1436 2649 1537 2681 tanto
1556 2646 1665 2681 altior
1684 2649 1716 2680 et

976 2693 1146 2728 esccelsior
1171 2704 1200 2727 e.
1227 2705 1261 2737 q.
1288 2705 1313 2727 5.

1017 2740 1330 2784 praeceptoribus,
1373 2740 1406 2774 (1.
1446 2740 1480 2775 11.
1525 2739 1609 2774 dem
1652 2749 1717 2774 aus

975 2786 1137 2821 Neidern
1174 2787 1249 2820 und
1281 2786 1452 2822 GOnnern
1488 2786 1718 2831 gemischten

976 2833 1266 2868 Zuhorerkreise.
