1828 3044
746 83 1036 124 „39—

118 189 190 229 sed
227 200 306 228 non
343 188 437 229 satis
475 189 669 239 expolitus
707 195 746 228 et
783 188 1005 240 splendens.
1055 199 1126 239 ego
1165 193 1296 227 autem
1334 192 1532 226 oratorem
1563 188 1666 226 sicut

117 244 350 296 locupletem
389 256 433 284 ac
469 243 620 284 lautum
656 250 810 297 patrem
846 244 1019 283 familiae
1057 256 1137 283 non
1174 255 1220 282 eo
1258 249 1410 283 tantum
1440 243 1528 282 volo
1558 248 1663 282 tecto

112 302 217 352 tegi,
257 301 359 352 quod
397 300 568 340 imbrem
606 313 651 340 ae
688 306 848 340 ventum
885 305 1036 344 arceat,
1076 299 1144 339 sed
1181 300 1299 338 etiam
1335 299 1440 351 quod
1469 299 1596 338 visum
1625 304 1665 338 et

115 357 252 396 oculos
281 356 469 403 delectet;
500 368 578 396 non
609 369 654 396 ea
684 355 808 396 solum
836 357 979 396 instrui
1008 355 1264 407 supellectile,
1297 367 1397 407 quae
1427 356 1664 394 necessariis

116 412 256 452 usibus
286 413 475 458 sufficiat,
508 412 576 452 sed
607 414 659 452 sit
687 413 727 451 in
758 418 947 464 apparatu
977 413 1062 451 eius
1092 417 1130 451 et
1160 423 1300 451 aurum
1331 417 1369 451 et
1398 422 1588 462 gemmae,
1621 418 1665 451 ut

117 480 274 508 sumere
302 470 344 508 in
374 481 513 509 manus
542 474 582 508 et
610 469 787 518 aspicere
818 470 976 521 saepius
1004 468 1138 507 libeat.
1181 467 1372 519 quaedam
1402 479 1494 506 vero
1524 466 1665 519 procul

117 530 328 564 arceantur
371 531 414 564 ut
449 525 525 564 iam
563 523 786 564 oblitterata
824 530 863 564 et
898 525 1174 574 antiquitatem
1212 523 1378 569 olentia;
1424 523 1574 563 nullum
1613 525 1664 562 sit

115 579 281 620 verbum
310 581 414 620 velut
442 580 625 631 rubigine
656 581 860 627 infectum,
891 579 989 620 nulli
1020 592 1159 619 sensus
1187 580 1299 619 tarda
1329 585 1369 619 et
1389 579 1506 618 inerti
1535 585 1663 619 struc-

113 642 203 676 tura
231 637 270 675 in
301 648 450 676 morem
480 637 679 676 annalium
710 642 1018 688 componantur;
1049 637 1191 686 fugitet
1221 635 1374 675 foedam
1406 642 1445 674 et
1475 635 1661 675 insulsam

113 692 417 738 scurrilitatem,
456 693 578 732 variet
614 694 962 745 compositionem,
1003 705 1076 731 nec
1113 704 1249 731 omnes
1287 691 1479 731 clausulas
1517 704 1594 730 uno
1625 697 1663 730 et

114 749 253 788 eodem
284 749 400 787 modo
431 749 678 788 determinet.
718 747 808 788 nolo
839 748 1008 788 irridere
1037 754 1162 787 rotam
1184 748 1379 787 Fortunae
1402 753 1440 786 et
1462 750 1521 786 ius
1543 749 1663 787 verri·
1680 746 1735 784 23

112 816 208 844 num
239 810 277 844 et
307 805 402 843 illud
432 807 552 844 tertio
582 817 736 858 quoque
767 816 884 844 sensu
914 806 953 844 in
985 804 1168 843 omnibus
1197 803 1443 843 orationibus
1472 816 1543 855 pro
1572 816 1661 843 sen-

111 862 238 900 tentia
267 861 437 913 positum
469 864 571 901 ‘esse
600 861 804 900 videatur'.
841 873 930 900 nam
962 867 1000 900 et
1030 861 1127 900 haec
1156 861 1298 899 invitus
1327 858 1462 899 rettuli
1494 864 1531 898 et
1550 860 1662 912 plura

108 917 248 962 omisi,
288 929 387 968 quae
426 922 555 957 tamen
593 917 673 957 sola
713 918 903 956 mirantur
934 922 1049 968 atque
1082 917 1305 968 exprimunt
1336 917 1362 954 ii
1392 916 1459 967 qui
1489 927 1529 955 se
1562 918 1662 955 anti-

110 985 210 1024 quos
241 979 421 1013 oratores
449 979 599 1014 vocant.
650 975 849 1013 neminem
882 973 1112 1018 nominabo,
1155 984 1280 1023 genus
1309 973 1511 1012 hominum
1542 972 1662 1023 signi-

109 1029 248 1069 ficasse
278 1035 506 1074 contentus;
538 1027 608 1068 sed
638 1029 745 1068 vobis
775 1031 910 1081 utique
941 1035 1149 1068 versantur
1180 1035 1269 1068 ante
1302 1029 1436 1068 oculos
1457 1030 1525 1079 qui
1546 1028 1662 1068 Luci-

109 1083 207 1124 lium
245 1098 318 1136 pro
357 1085 519 1125 Horatio
558 1092 596 1125 et
633 1086 860 1125 Lucretium
897 1097 968 1136 pro
1007 1085 1170 1136 Virgilio
1209 1085 1362 1135 legunt,
1402 1084 1543 1136 quihus
1582 1084 1662 1123 elo-

110 1142 272 1193 quentia
301 1141 426 1181 Aufidi
460 1142 566 1181 Bassi
600 1148 666 1180 aut
697 1141 850 1181 Servilii
881 1142 1047 1181 Noniani
1078 1154 1124 1181 ex
1157 1142 1451 1191 comparatione
1473 1140 1662 1180 Sisennae

919 1353 954 1378 se
986 1342 1136 1386 pulchre
1173 1343 1383 1386 eaepressisse
1419 1351 1530 1386 yenus
1568 1341 1662 1376 illud

156 1342 286 1386 fuyitet
310 1343 448 1384 foedam
470 1346 502 1376 et
521 1343 694 1377 ‘insulsam
716 1344 848 1377 scurri-

920 1390 1077 1424 cacleste‘s
1107 1390 1216 1424 leuius
1247 1390 1287 1424 in
1318 1389 1468 1424 dicendo
1494 1389 1565 1423 riri
1589 1389 1662 1423 sibi

109 1389 264 1431 litatem,
296 1389 409 1434 vergl.
437 1389 509 1424 Cic.
542 1390 586 1424 de
615 1393 703 1425 orat.
733 1394 764 1432 2,
792 1394 846 1433 59,

110 1439 195 1471 239:
228 1437 268 1470 in
297 1448 366 1481 quo
397 1447 469 1470 non
501 1437 603 1471 modo
630 1437 722 1472 illud
743 1449 847 1481 prae·
920 1437 1144 1479 viderentur,
1169 1437 1201 1471 si
1227 1437 1266 1471 in
1292 1437 1495 1471 clausula
1517 1437 1661 1480 posuis-

108 1483 257 1527 cipitur,
277 1495 320 1518 ne
339 1484 427 1528 quid
445 1484 631 1526 insulse,
650 1485 710 1519 secl
729 1486 848 1523 ctiam,

106 1531 142 1564 si
178 1531 266 1575 quid
297 1531 520 1575 perridicule
552 1532 688 1575 possis,
730 1533 848 1566 ‘ritan-

108 1577 196 1611 dum
226 1581 276 1612 est
307 1578 445 1612 oratori
475 1581 681 1622 utrumque.
718 1590 758 1613 ne
784 1583 848 1613 aut

108 1625 322 1659 scurrilis
346 1625 446 1659 iocus
470 1626 517 1659 sit
543 1629 608 1659 aut
633 1626 806 1660 mime'cus.

156 1693 220 1716 nec
244 1693 361 1717 omues
387 1684 569 1718 clausulas
595 1696 625 1718 e.
647 1696 680 1728 q.
701 1696 726 1718 s.
766 1685 848 1720 Dic-

109 1729 208 1764 selbe
229 1729 435 1765 Vorschrift
461 1730 563 1775 giebt
585 1731 657 1766 Cic.
685 1731 729 1765 de
757 1736 846 1767 orat.

108 1780 142 1818 3,
169 1780 225 1819 50,
254 1780 337 1811 192:
363 1788 454 1822 quae
479 1778 525 1820 (d.
548 1779 582 1813 h.
603 1780 786 1822 postrema.
806 1796 848 1808 =

107 1823 325 1867 clausulae),
374 1825 546 1869 quoniam
594 1829 774 1869 apparent
817 1829 849 1860 et

107 1870 374 1915 intelli-mmmm
399 1872 581 1906 varianda
600 1876 696 1913 suut,
721 1884 764 1907 ne
784 1876 848 1906 aut

107 1918 313 1952 artimorum
343 1919 492 1953 iudiciis
522 1920 758 1963 repudientur
783 1923 848 1954 aut

109 1965 259 1999 aurium
283 1966 456 2000 satietate.

155 2015 272 2047 rotam
304 2012 502 2047 Fortunae.
548 2012 621 2048 Cic.
658 2013 694 2047 in
727 2014 845 2048 Pison.

111 2062 170 2103 10,
210 2063 271 2093 22:
309 2060 349 2093 in
380 2070 449 2104 quo
487 2070 567 2094 cum
604 2061 705 2094 illum
737 2062 846 2095 salta-

105 2106 241 2140 torium
269 2110 425 2141 versaret
449 2107 577 2149 orbem,
603 2118 646 2142 ne
671 2111 742 2142 tune
770 2109 848 2152 qui-

106 2153 186 2187 dem
228 2152 457 2188 Fortunae
505 2158 641 2189 rotam
684 2156 847 2198 pertime-

106 2200 235 2234 scebat.
273 2200 371 2245 Aper
389 2201 490 2236 fiihrt
509 2201 633 2236 diesen
654 2202 847 2236 Ausdruck

108 2246 162 2281 als
181 2247 241 2282 ein
255 2247 415 2292 Beispiel
435 2248 499 2283 der
519 2248 613 2283 oben
633 2249 846 2293 getadelteu

107 2293 309 2329 scurrilitas
335 2306 392 2338 an,
419 2306 456 2329 so
483 2296 577 2330 auch
603 2295 683 2330 das:

154 2338 214 2375 ius
249 2342 443 2376 verrinum.
489 2342 561 2377 Cic.
600 2343 638 2376 iu
675 2342 777 2377 Verr.
815 2347 844 2386 1,

94 2391 170 2430 ’46,
205 2391 287 2423 12οι
323 2389 408 2423 hinc
444 2389 501 2423 illi
536 2389 693 2424 homines
730 2394 845 2432 erant,

100 2435 172 2479 vqui
195 2435 302 2469 etiam
325 2436 478 2470 ridiculi
501 2437 778 2472 inveniebantur
803 2448 845 2472 ea:

107 2481 236 2516 dolore.
277 2482 437 2527 Quorum
462 2483 541 2526 alii,
566 2484 605 2518 id
630 2484 724 2528 quod
742 2495 845 2528 saepe

107 2529 282 2571 audistis,
312 2530 494 2574 neyabant
524 2531 729 2565 mirandum
764 2542 845 2573 esse,

107 2575 178 2610 ius
203 2579 277 2610 tam
300 2587 452 2621 nequam
478 2588 548 2612 esse
572 2589 644 2612 ver
654 2590 670 2611 r
678 2579 808 2612 inum.

154 2632 225 2657 esse
260 2623 436 2658 videatur.
481 2624 549 2659 Ein
587 2625 746 2670 Beispiel
783 2625 845 2660 des

107 2669 269 2713 Fehlers,
296 2670 334 2704 in
359 2670 525 2706 welchen
553 2671 740 2717 derjenige
767 2684 844 2707 v·-el

106 2715 213 2760 faut,
247 2717 311 2761 qui
347 2727 464 2752 omnes
498 2718 680 2753 clausulas
712 2730 784 2754 uno
815 2723 847 2754 et

106 2763 224 2798 eodem
240 2764 570 2800 modocleterminat
590 2765 623 2799 V
625 2766 714 2811 ergl.
725 2765 848 2808 Quint

108 2813 163 2853 10,
197 2814 230 2856 2,
268 2814 327 2846 18:
360 2811 540 2846 Noveram
565 2814 754 2857 quosdam,
786 2814 849 2858 qui

920 1488 1013 1519 seut:
1042 1484 1144 1519 ‘esse
1170 1483 1403 1519 videatur?

968 1543 1116 1584 inritus,
1126 1543 1209 1577 weil
1219 1554 1255 1577 es
1262 1542 1440 1577 kleinlich
1447 1542 1661 1576 erscheinen

921 1603 1029 1633 muss,
1054 1590 1152 1625 diese
1173 1600 1212 1624 so
1232 1590 1392 1624 vielfach
1412 1589 1661 1633 bespottelten

921 1637 1068 1671 klciuen
1118 1636 1546 1681 Eigentln'imliehkeiteu
1596 1636 1661 1670 der

921 1684 1193 1719 ciceronischen
1247 1683 1524 1719 Bereclsamkeit
1579 1682 1659 1717 aufs

922 1732 1023 1766 Neue
1050 1731 1375 1766 hervorzusuchen.

967 1779 1187 1822 sz'gyniftcasse
1205 1781 1401 1820 contentus,
1422 1777 1536 1821 vergl.
1552 1788 1580 1812 c.
1599 1781 1658 1811 18:

915 1826 1087 1869 probasse
1112 1828 1296 1859 contentus
1320 1836 1419 1866 sum=;
1450 1836 1479 1859 e.
1508 1828 1567 1859 26:
1603 1824 1660 1859 de-

920 1876 1085 1908 trectasse
1112 1893 1153 1896 —
1181 1875 1376 1906 contentus.

967 1920 1149 1954 Lucilium
1181 1929 1252 1963 pro
1286 1919 1445 1954 Horatio
1479 1918 1533 1953 als
1569 1918 1660 1953 Ver—

919 1969 1033 2002 treter
1071 1967 1134 2001 der
1172 1966 1404 2007 satirischfflu
1448 1966 1660 2000 Isucrctium

915 2025 985 2058 pro
1005 2013 1122 2057 Virffl'l
1126 2015 1158 2047 1'0
1172 2014 1226 2048 als
1239 2013 1426 2048 Vertreter
1440 2014 1504 2048 der
1518 2013 1659 2058 episch-

920 2061 1171 2095 didacus-:hen
1196 2061 1335 2095 Poesie.

966 2108 1140 2150 Aufidius
1160 2107 1310 2149 Bassus,
1338 2107 1571 2152 Zeitgcnosse
1595 2107 1658 2142 des

920 2155 1108 2199 Augustus
1133 2155 1208 2189 und
1236 2154 1421 2197 Tiberius,
1447 2154 1591 2189 schrieb
1617 2154 1659 2189 de

919 2203 1007 2237 bello
1028 2202 1252 2236 Germanico.
1287 2201 1410 2244 Quint.
1432 2204 1501 2244 (10,
1524 2206 1555 2243 1,
1579 2203 1658 2244 103)

920 2253 1031 2284 neunt
1059 2250 1122 2283 ihu
1147 2259 1271 2293 yenere
1295 2250 1374 2293 ipso
1394 2248 1599 2302 probabilis
1618 2249 1660 2283 in

918 2297 1099 2338 omnz'‚l)us
1139 2297 1180 2331 in
1216 2296 1431 2364 quibusdam
1469 2297 1545 2330 suis
1572 2296 1673 2342 ipse

916 2344 1057 2379 viribus
1081 2344 1209 2378 minor.

964 2390 1140 2426 Servilius
1153 2387 1370 2425 Nonianus·
1364 2337 1731 2434 dmzflomlspssokspk
1725 2379 1770 2430 ζ’

917 2438 1104 2473 tradendis
1148 2438 1253 2472 iebus
1295 2436 1473 2471 Romanis
1515 2437 1660 2472 celebris

918 2486 1024 2529 (Anu.
1062 2489 1114 2529 14,
1151 2486 1224 2527 19);
1257 2484 1344 2519 elati
1375 2485 1432 2519 tir
1463 2484 1603 2528 inyeuii
1627 2487 1660 2518 et

917 2533 1102 2567 sententiis
1127 2532 1256 2574 creber,
1281 2531 1341 2566 sea
1365 2531 1486 2566 minus
1499 2541 1659 2575 pressus,

917 2591 1025 2624 quam
1056 2579 1228 2613 historiae
1261 2579 1461 2613 auctoritas
1480 2578 1657 2623 postulat.

918 2626 1057 2671 (Quint.
1088 2630 1140 2668 10,
1170 2630 1199 2668 1,
1229 2626 1320 2668 102.)

966 2673 1009 2707 L.
1031 2672 1218 2708 Cornelius
1237 2671 1404 2714 Sisenna,
1424 2671 1658 2716 Zeitgenosse

920 2720 982 2755 des
1016 2720 1168 2762 Sallust,
1201 2719 1343 2754 schrieb
1375 2718 1556 2754 romische
1589 2717 1658 2753 Ge-

920 2767 1084 2801 schich‘ce
1110 2767 1166 2801 bis
1191 2766 1256 2801 auf
1274 2766 1386 2801 Sulla.
1425 2766 1474 2800 Er
1499 2777 1574 2799 war
1598 2765 1659 2800 ein

922 2813 1130 2848 Liebhaber
1155 2813 1353 2849 veralte‘cer
1378 2812 1602 2848 Ausdriicke.
