1828 3044
105 163 121 166 ”
205 169 310 208 ‘Non
339 169 482 213 enim,'
513 168 642 218 inquit
669 169 792 219 Aper,
824 168 1059 208 ‘inauditum
1090 173 1130 206 et
1158 167 1405 207 indefensum
1437 168 1636 207 saeculum

91 228 269 265 nostrum
299 225 428 275 patiar
457 224 530 264 hac
559 229 687 262 vestra
718 224 1010 275 conspiratione
1042 224 1233 263 damnari.
1280 224 1347 265 sed
1368 224 1443 262 hoc
1465 225 1637 274 primum

91 280 359 330 interrogabo,
391 292 490 331 quos
520 282 667 319 vocetis
697 281 888 331 antiquos,
921 291 1037 331 quam
1070 285 1269 318 oratorum
1300 285 1464 319 aetatem
1488 281 1637 330 signifi-

89 338 244 376 catione
275 337 348 375 ista
379 336 662 375 determinetis
709 347 781 386 ego
811 337 916 374 enim
948 348 1036 375 cum
1068 336 1184 381 audio
1215 337 1416 387 antiquos,
1449 335 1637 387 quosdam

90 398 246 432 veteres
276 398 315 431 et
344 392 437 431 olim
461 398 572 431 natos
593 392 792 442 intellego,
826 404 870 430 ac
890 391 988 430 mihi
1007 397 1214 431 versantur
1236 396 1324 430 ante
1347 392 1482 431 oculos
1503 392 1638 432 Ulixes

91 460 136 487 ac
167 448 328 492 Nestor,
369 459 534 499 quorum
573 454 679 486 aetas
716 447 824 486 mille
862 448 946 486 fere
985 453 1022 486 et
1058 449 1247 487 trecentis
1287 449 1399 486 annis
1437 448 1638 487 saeculum

90 509 269 544 nostrum
300 504 514 548 antecedit;
547 516 614 543 vos
642 509 771 543 autem
792 503 1096 543 Demosthenem
1119 509 1158 543 et
1179 504 1416 555 Hyperidem
1437 504 1636 554 profertis,

89 572 189 613 quos
227 561 320 599 satis
357 565 509 599 constat
538 559 711 611 Philippi
749 565 788 599 et
818 559 1030 599 Alexandri
1067 559 1310 610 temporibus
1341 560 1541 604 floruisse,
1583 561 1637 598 ita

19 611 31 626 ⁵
89 622 222 655 tamen
261 621 304 655 ut
341 617 498 667 utrique
536 618 772 667 superstites
815 621 955 655 essent.
1002 628 1049 654 ex
1088 629 1166 667 quo
1205 621 1368 667 apparet
1405 628 1482 655 non
1513 615 1636 654 multo

88 672 224 722 plures
260 684 375 723 quam
416 672 721 723 quadringentos
759 684 880 711 annos
917 674 1110 711 interesse
1149 673 1253 711 inter
1291 678 1464 711 nostram
1495 677 1533 711 et
1562 671 1637 710 De·

89 727 309 766 mosthenis
339 733 518 767 aetatem.
564 728 667 778 quod
699 729 868 780 spatium
898 729 1085 778 temporis
1117 731 1150 767 si
1181 729 1227 767 ad
1258 729 1522 767 infirmitatem
1554 740 1637 767 cor-

87 795 229 835 porum
261 789 485 823 nostrorum
515 785 678 829 referas,
710 786 876 824 fortasse
907 784 1065 834 longum
1098 785 1300 830 videatur;
1333 786 1365 823 si
1388 784 1434 823 ad
1456 789 1636 823 naturam

89 839 351 890 saeculorum,
384 853 428 879 ac
458 845 641 892 respectu
672 841 855 880 immensi
886 840 1002 879 huius
1033 842 1129 885 aevi,
1162 853 1352 892 perquam
1385 840 1503 879 breve
1536 845 1574 879 et
1595 842 1635 879 in

87 897 266 947 proximo
298 902 368 934 est.
407 909 496 935 nam
528 899 573 940 si,
606 902 648 935 ut
668 897 805 937 Cicero
837 897 874 935 in
897 896 1107 936 Hortensio
1137 896 1288 941 scribit,
1321 898 1354 934 is
1385 901 1444 935 est
1473 908 1637 948 magnus

87 958 129 990 et
169 963 286 991 verus
316 964 461 1001 annus,
503 965 580 1004 quo
612 952 748 991 eadem
780 954 922 1004 positio
954 952 1072 997 caeli,
1113 965 1211 1004 quae
1243 965 1331 991 cum
1363 954 1531 991 maxime
1564 958 1635 996 est,

87 1020 248 1046 rursum
291 1010 449 1054 existet,
489 1010 601 1060 isque
640 1021 764 1048 annus
803 1008 944 1047 horum
985 1021 1083 1059 quos
1120 1021 1192 1047 nos
1222 1021 1405 1048 vocamus
1443 1020 1636 1048 annorum

86 1060 423 1104 XIIDCCCCLlllI
461 1065 755 1116 complectitur,
794 1065 860 1104 ille
901 1067 985 1116 ipse
1018 1065 1303 1104 Demosthenes
1334 1070 1479 1109 vester,
1520 1077 1636 1116 quem

86 1132 156 1159 vos
194 1126 367 1159 veterem
406 1126 444 1159 et
474 1123 677 1171 antiquum
709 1122 871 1171 fingitis,
912 1122 1068 1160 videtur
1099 1134 1175 1160 non
1209 1120 1334 1160 solum
1366 1121 1502 1160 eodem
1535 1133 1636 1160 anno

86 1188 166 1227 quo
196 1188 279 1220 nos,
313 1176 379 1215 sed
411 1179 527 1216 etiam
560 1177 696 1216 eodem
729 1189 863 1216 mense
896 1178 1082 1216 extitisse.
1595 1216 1603 1231 Γ

200 1232 276 1271 Sed
306 1239 464 1272 transeo
496 1233 542 1272 ad
565 1233 725 1272 Latinos
756 1240 945 1278 oratores,
978 1235 1017 1272 in
1051 1232 1194 1283 quibus
1224 1245 1300 1272 non
1323 1233 1561 1284 Menenium,
1594 1240 1636 1271 ut
1657 1237 1705 1272 17

86 1292 197 1339 puto,
229 1288 461 1339 Agrippam,
506 1290 571 1340 qui
602 1295 731 1340 potest
761 1289 883 1328 videri
915 1291 1119 1340 antiquus,
1160 1295 1382 1328 nostrorum
1414 1295 1636 1340 temporum

86 1344 249 1384 disertis
279 1350 519 1397 anteponere
550 1346 694 1390 soletis,
728 1346 795 1384 sed
827 1347 1058 1385 Ciceronem
1090 1351 1129 1384 et
1159 1346 1363 1385 Caesarem
1397 1351 1435 1384 et
1462 1346 1635 1385 Caelium

131 1485 206 1508 ‘non
232 1495 274 1499 —
300 1476 510 1509 inauditum
545 1480 576 1509 et
603 1476 825 1519 e'uclefenszmz

83 1522 266 1556 saeculum
299 1526 463 1557 nostrum
491 1523 620 1566 patiar
653 1544 693 1547 —
727 1524 824 1558 (Iam-

84 1569 192 1610 nari;
229 1569 438 1613 vergleiche
477 1569 534 1604 die
573 1570 723 1604 ithnlieh
761 1582 821 1615 ge*

84 1615 278 1650 wendeten
302 1616 557 1661 Erklitrungen
581 1617 698 1661 Apers
731 1629 759 1652 c.
787 1623 820 1651 .3:

84 1672 160 1696 mm
177 1663 308 1707 patiar
329 1663 541 1697 Maternum
563 1664 728 1698 societate
740 1665 823 1708 plze-

82 1709 182 1743 rium
200 1709 344 1753 defendi
364 1710 437 1744 und
459 1722 486 1744 c.
511 1714 570 1745 10:
590 1722 664 1744 mm
677 1715 824 1755 paterer

82 1756 255 1791 immanes
291 1757 377 1791 istos
417 1778 457 1781 —-
498 1758 646 1791 lacertus
684 1758 824 1792 levitate

82 1803 198 1838 iaculi
223 1807 288 1837 aut
311 1804 403 1838 disci
428 1815 621 1839 vanescere.

130 1851 191 1885 sed
209 1851 274 1885 hoe
281 1852 442 1895 primum
456 1852 686 1895 interroyctbo
701 1864 730 1886 e.
746 1866 779 1897 q.
795 1867 819 1886 s.

84 1896 205 1932 Ueber
229 1898 327 1932 diese
353 1898 664 1943 nichtssagenden
684 1899 819 1934 Vorbe—

84 1944 313 1990 merkungen
338 1946 452 1990 Apers
489 1945 604 1990 vergi.
642 1946 701 1981 die
736 1947 820 1981 Ein-

83 1991 228 2037 leitung
251 2004 287 2036 p.
313 1996 345 2027 4.
385 1992 444 2027 Sie
470 1993 617 2027 reichen
643 1993 700 2028 bis
727 2006 755 2029 c.
779 1999 820 2028 18

84 2038 159 2072 und
172 2038 334 2074 handeln
349 2041 487 2074 erstens
496 2040 585 2074 iiber
593 2040 651 2075 die
662 2040 820 2075 Chrono-

83 2084 182 2130 logie
220 2086 285 2121 der
322 2086 575 2131 griechischen
608 2087 820 2122 Beredsam-

83 2131 163 2167 keit
194 2132 406 2178 [besonders
438 2133 528 2168 iiber
557 2134 621 2168 das
648 2135 823 2170 Zeitalter

83 2178 148 2214 des
166 2179 446 2225 Demosthenes]
475 2180 544 2224 (bis
571 2193 598 2215 c.
624 2183 691 2225 17),
718 2182 820 2216 zwei-

83 2227 165 2261 bens
202 2227 293 2262 fiber
330 2227 388 2262 die
421 2228 485 2262 der
517 2228 723 2263 1·‹')'misehen
755 2229 821 2264 Be-

82 2273 307 2309 redsamkeit
344 2280 386 2317 (be.
429 2276 502 2318 17),
546 2275 671 2310 indem
708 2276 822 2310 durch

83 2320 173 2355 zwei
198 2321 378 2366 Beispiele
404 2321 587 2356 bewiesen
612 2322 714 2366 wird,
741 2323 822 2357 dass

83 2367 148 2402 das
181 2367 356 2403 Zeitalter
392 2368 455 2403 des
488 2368 614 2403 Cicero
652 2370 725 2404 und
757 2370 821 2404 das

83 2414 147 2449 des
172 2414 372 2459 Vespasian
402 2415 441 2449 in
473 2416 592 2451 einem
623 2417 697 2451 und
723 2417 820 2452 dem—

82 2461 210 2496 selben
234 2461 540 2498 Mensehenleben
559 2463 664 2498 Platz
689 2464 820 2507 finden⁷

82 2507 197 2543 daher
213 2520 251 2543 es
263 2510 595 2555 ungereehtfertigt
610 2511 819 2546 erseheinen

82 2557 220 2599 miisse,
265 2555 392 2591 Cicero
428 2557 503 2591 und
540 2557 638 2592 seine
678 2558 819 2603 Zeitge-

82 2612 213 2637 noseen
238 2603 383 2647 antiqui
406 2615 450 2637 zu
470 2605 628 2639 neuneu.

129 2649 241 2684 audio
284 2651 460 2694 antiquos.
510 2650 634 2696 Vergl.
681 2663 757 2697 cap.
799 2656 817 2686 7

81 2695 237 2731 auditos.

127 2753 202 2778 'non
231 2744 343 2778 multo
362 2744 488 2788 plures
512 2756 620 2789 quam
645 2747 818 2790 quadrin-

79 2793 202 2834 9entos
221 2801 347 2826 armos.
378 2791 433 2826 Da
446 2791 711 2827 Demosthenes
725 2804 820 2827 zwar

899 1480 973 1511 ers-t
992 1481 1059 1511 32⁵2
1080 1489 1112 1511 ν.
1135 1478 1217 1512 Chr.
1239 1477 1434 1521 gestorben
1453 1477 1511 1519 ist,
1538 1477 1635 1511 seiue

898 1524 971 1557 und
998 1524 1060 1558 des
1081 1524 1284 1568 Hyperides
1311 1526 1435 1558 aetas
1460 1524 1549 1558 aber
1574 1536 1635 1557 um

897 1571 977 1605 eine
1010 1571 1149 1605 Anzahl
1182 1572 1291 1606 ‚Jahre
1324 1571 1635 1615 hinaufzuriieken

896 1618 960 1661 ist,
994 1629 1033 1653 so
1066 1618 1224 1662 ergeben
1255 1618 1332 1652 sich
1364 1618 1541 1653 reichlich
1567 1622 1635 1652 400

898 1665 1020 1708 Jahre,
1044 1665 1182 1699 welche
1203 1665 1381 1699 zwisehen
1401 1665 1465 1699 der
1484 1665 1633 1699 Blflthe-

897 1712 969 1746 zeit
983 1712 1045 1747 des
1059 1712 1325 1747 Demosthenes
1339 1712 1413 1746 und
1427 1712 1510 1746 dem
1524 1712 1545 1746 J
1548 1712 1634 1746 ahre

898 1760 1001 1803 77f78
1032 1771 1066 1794 n.
1094 1759 1175 1794 Chr.
1211 1759 1349 1804 liegen,
1384 1759 1422 1793 in
1456 1759 1633 1794 welchem

896 1806 960 1840 das
985 1806 1170 1850 Gespriich
1204 1807 1294 1841 iiber
1319 1807 1376 1841 die
1407 1806 1548 1840 ttoduer
1573 1818 1633 1851 ge-

896 1853 1021 1887 halten
1048 1853 1184 1888 wurde.

942 1923 1032 1955 quae
1057 1923 1136 1946 cum
1160 1913 1315 1947 mancione
1341 1916 1406 1954 est,
1432 1913 1570 1947 welche
1596 1912 1634 1947 in

895 1959 1013 1993 einem
1080 1959 1318 1994 bestimmten
1380 1960 1634 2004 Augenblicke

895 2007 1111 2041 stattfindet.

944 2069 1051 2099 vester
1071 2065 1190 2099 erhi'tlt
1210 2066 1324 2099 durch
1345 2066 1414 2100 den
1435 2065 1633 2109 folgenden

896 2112 1119 2146 ltelativsatz
1145 2112 1242 2147 seine
1268 2113 1486 2157 Erkliirung.

943 2170 1025 2205 Von
1046 2171 1179 2206 Caesar
1197 2171 1287 2206 lttsst
1307 2171 1433 2206 Cicero
1453 2172 1524 2205 den
1538 2171 1633 2206 Atti-

896 2230 957 2252 cus
983 2229 1095 2263 sagen
1120 2219 1220 2253 Brut.
1244 2223 1298 2261 7⁶2,
1325 2222 1409 2252 25⁶2:
1437 2219 1540 2252 illum
1565 2229 1633 2253 om-

894 2266 997 2299 nium
1027 2266 1100 2308 fere
1131 2270 1313 2300 orcam-mn
1341 2265 1503 2300 Latine
1536 2266 1635 2310 loqui

896 2312 1231 2357 eleyantissime.

944 2371 1000 2404 M.
1035 2371 1178 2406 Caelius
1209 2371 1350 2414 Rufus,
1387 2371 1532 2405 Freund
1570 2371 1633 2406 des

896 2417 1021 2452 Cicero
1054 2418 1127 2452 und
1159 2419 1222 2453 des
1253 2419 1359 2461 Milo,
1393 2418 1538 2463 Gegner
1568 2418 1632 2454 des

895 2464 1043 2499 Clodius
1068 2465 1142 2499 und
1163 2466 1225 2500 des
1247 2465 1387 2500 Caesar.
1428 2465 1534 2500 Scine
1554 2465 1631 2500 hef-

892 2511 969 2556 tige
991 2512 1207 2556 Opposition
1227 2524 1347 2557 gegen
1366 2512 1436 2547 den
1455 2512 1632 2547 letzteren

893 2558 1070 2594 bereitete
1083 2559 1161 2593 ihm
1176 2560 1246 2594 den
1261 2560 1485 2603 Untergang.
1512 2559 1632 2595 Ueber

892 2605 989 2641 seine
1027 2605 1304 2641 Beredsamkeit
1343 2606 1466 2648 Quint.
1508 2611 1561 2650 10,
1601 2612 1630 2650 1,

894 2657 978 2687 115:
1009 2654 1160 2687 multum
1191 2654 1332 2698 inqenii
1361 2654 1402 2687 in
1435 2653 1566 2698 Caelio,
1599 2657 1631 2688 et

886 2700 1084 2745 praecipue
1107 2701 1149 2734 isti
1167 2701 1370 2735 accusando
1389 2702 1504 2735 multa
1522 2701 1631 2736 wrba-

891 2747 1006 2790 uitas,
1042 2747 1243 2792 dianusque
1272 2749 1346 2790 vir,
1381 2749 1441 2782 cm·
1471 2751 1502 2782 et
1533 2759 1630 2783 mens

890 2794 1014 2827 melior
1039 2797 1071 2828 et
1095 2795 1171 2828 vita
1197 2795 1337 2839 lonyz'or
1362 2795 1574 2840 eontiqisset.
