1828 3044
699 100 991 141 -47..-

184 209 232 249 Et
252 206 447 248 Messalla:
481 207 575 247 ‘non
605 205 842 250 reconditas,
872 205 1060 249 Materne,
1092 216 1229 244 causas
1259 205 1433 256 requiris
1460 215 1534 242 nec
1555 206 1660 243 aut2

73 266 147 306 tibi
176 267 254 316 ipsi
285 271 352 303 aut
381 263 472 302 huic
494 262 676 303 Secundo
705 262 765 302 vel
785 262 880 301 huic
899 262 1005 313 Apro
1029 262 1202 311 ignotas;
1234 260 1304 299 sed
1324 266 1456 300 tamen
1477 259 1618 304 dicam,

12 316 15 317 ⁷
71 324 105 362 si
132 322 231 361 mibi
253 325 386 372 partes
407 320 616 370 assignatis
635 317 864 370 proferendi
883 318 925 356 in
944 317 1116 356 medium
1139 327 1237 366 quae
1259 328 1396 355 omnes
1416 318 1620 355 sentimus.

73 379 164 430 quis
206 379 312 416 enim
348 377 508 428 ignorat
545 382 585 415 et
623 374 887 425 eloquentiam
927 378 966 412 et
1004 378 1157 412 ceteras
1195 377 1300 412 artes
1331 373 1542 412 descivisse
1572 371 1620 411 ab

71 433 136 474 illa
174 438 308 473 vetere
345 432 470 483 gloria
507 443 584 470 non
620 432 755 482 inopia
793 429 1014 474 hominum,
1054 429 1122 468 sed
1153 428 1304 468 desidia
1335 430 1551 468 iuventutis
1582 434 1622 468 et

72 489 319 541 neglegentia
349 494 559 539 parentum
581 492 620 526 et
639 487 849 526 inscientia
870 486 1203 537 praecipientium
1225 489 1265 524 et
1284 483 1480 524 oblivione
1500 485 1622 524 moris

72 546 248 598 antiqui?
296 556 396 597 quae
433 543 532 582 mala
563 543 733 594 primum
764 543 805 581 in
836 541 935 580 urbe
966 546 1074 586 nata,
1113 553 1204 580 mox
1233 552 1305 592 per
1333 539 1486 580 Italiam
1522 541 1620 585 susa,

71 604 150 641 iam
188 603 230 641 in
267 601 490 653 provincias
526 605 698 640 manant.
750 609 986 650 quamquam
1024 602 1153 636 vestra
1181 597 1295 636 vobis
1324 599 1479 637 notiora
1510 601 1622 636 sunt:

72 669 145 708 ego
175 657 224 697 de
253 656 354 696 urbe
385 661 424 695 et
444 656 562 694 huius
583 655 755 706 propriis
776 666 821 694 ac
843 653 1061 693 vernaculis
1081 655 1187 692 vitiis
1207 653 1358 704 loquar,
1389 665 1490 706 quae
1510 658 1624 692 natos

70 713 200 753 statim
232 714 434 764 excipiunt
463 717 501 750 et
530 723 602 762 per
633 710 808 762 singulos
837 712 977 749 aetatis
997 709 1142 760 gradus
1163 709 1423 754 cumulantur,
1455 711 1491 749 si
1510 710 1624 761 prius

70 769 119 809 de
150 770 359 808 severitate
391 779 436 808 ac
466 767 671 818 disciplina
703 767 895 806 maiorum
926 767 1032 805 circa
1063 765 1286 805 educandos
1316 766 1622 817 formandosque

68 825 220 865 liberos
248 836 371 876 pauca
401 823 650 875 praedixero.
696 835 786 862 nam
816 822 970 874 pridem
1002 834 1096 861 suus
1126 823 1269 873 cuique
1299 821 1413 863 filius,
1447 834 1493 861 ex
1515 827 1623 860 casta

70 887 232 934 parente
262 887 388 924 natus,
420 892 499 919 non
529 882 569 918 in
601 879 699 919 cella
730 885 883 930 emptae
914 880 1095 923 nutricis,
1129 878 1195 917 sed
1227 880 1267 916 in
1293 879 1445 928 gremio
1468 890 1513 917 ac
1534 879 1622 917 sinu

71 935 208 978 matris
244 936 507 984 educabatur,
548 937 661 975 cuius
699 937 914 987 praecipua
942 935 1027 974 laus
1059 940 1143 973 erat
1171 935 1275 974 tueri
1307 934 1464 973 domum
1497 940 1536 973 et
1564 935 1624 973 in-

71 995 219 1033 servire
262 992 415 1032 liberis.
467 991 687 1042 eligebatur
730 998 861 1031 autem
906 992 1031 1029 maior
1077 991 1206 1042 aliqua
1251 996 1345 1029 natu
1390 991 1621 1042 propinqua,

71 1051 184 1089 cuius
214 1049 390 1101 probatis
419 1049 682 1100 spectatisque
713 1047 892 1087 moribus
921 1047 1046 1086 omnis
1074 1046 1249 1086 eiusdem
1270 1045 1442 1086 familiae
1464 1045 1626 1086 suboles

71 1107 404 1150 committeretur;
436 1116 568 1144 coram
599 1116 675 1156 qua
705 1116 833 1155 neque
863 1103 995 1143 dicere
1026 1104 1084 1142 fas
1115 1109 1200 1142 erat
1229 1103 1333 1154 quod
1364 1108 1480 1153 turpe
1501 1102 1624 1147 dictu,

69 1173 200 1214 neque
228 1162 360 1201 facere
391 1161 493 1213 quod
525 1161 778 1200 inhonestum
809 1161 914 1199 sactu
936 1160 1149 1199 videretur.
1190 1171 1234 1198 ac
1256 1171 1335 1198 non
1357 1158 1486 1198 studia
1506 1159 1625 1198 modo

71 1229 274 1270 curasque,
308 1217 375 1256 sed
405 1218 661 1256 remissiones
691 1218 810 1256 etiam
840 1216 1025 1268 lususque
1056 1227 1271 1266 puerorum
1300 1217 1506 1254 sanctitate
1528 1227 1623 1266 qua-

71 1274 160 1314 dam
207 1285 252 1313 ac
290 1272 528 1313 verecundia
567 1272 826 1323 temperabat.
877 1274 932 1311 sic
971 1271 1192 1312 Corneliam
1230 1271 1518 1316 Gracchorum,
1566 1272 1625 1310 sic

70 1330 270 1369 Aureliam
302 1329 499 1374 Caesaris,
542 1331 598 1368 sic
629 1330 755 1368 Atiam
787 1329 953 1379 Augusti
993 1324 1189 1382 [matrem]
1229 1328 1450 1378 praefuisse
1480 1327 1625 1367 educa-

70 1385 245 1426 tionibus
275 1397 318 1425 ac
349 1385 580 1438 produxisse
612 1386 814 1436 principes
845 1385 990 1424 liberos
1011 1385 1247 1436 accepimus.
1299 1397 1399 1436 quae
1420 1383 1625 1436 disciplina

70 1516 185 1559 Kimi,
222 1516 297 1550 und
329 1516 387 1550 die
419 1516 556 1560 Dinge,
592 1515 657 1550 mit
691 1516 808 1550 denen

71 1563 149 1598 sich
199 1563 264 1598 der
310 1562 631 1598 halberwachseioe
681 1562 810 1597 Knabe

71 1622 115 1644 zu
139 1610 395 1654 beschaftigen
419 1609 544 1654 pfieg‘c.

119 1660 184 1691 aut
203 1677 245 1681 -—
268 1661 333 1692 aut
350 1677 396 1681 -
415 1657 478 1691 vel.
514 1657 566 1691 vel
585 1656 711 1701 bringt-
729 1657 809 1691 eine

71 1703 407 1748 Untembtheilung
444 1704 507 1738 des
543 1704 696 1738 zweiten
734 1707 810 1745 aut,

72 1761 111 1786 so
144 1750 226 1786 dass
252 1750 426 1785 einander
450 1750 809 1795 gegenfiberstehen:

71 1797 139 1832 auf
159 1798 224 1833 der
248 1798 355 1833 einen
383 1798 481 1833 Seite
500 1798 698 1841 Maternus,
725 1797 810 1832 we]—

73 1845 159 1880 cher
191 1845 245 1880 als
269 1845 335 1880 der
358 1844 590 1889 Angeredete
616 1845 813 1880 besonders

72 1891 374 1937 hervorgehoben
394 1892 496 1935 wird,
517 1892 583 1927 auf
596 1892 660 1927 der
673 1892 812 1926 andern

73 1938 172 1974 Seite
205 1939 392 1974 Secundus
427 1939 502 1973 und
534 1940 633 1985 Aper
668 1939 722 1974 als
753 1939 812 1974 die

74 1985 217 2020 minder
241 1986 485 2031 betheiligten
512 1986 683 2021 Zuhcrer.

121 2043 196 2068 'non
217 2033 419 2069 reconditas
439 2044 468 2068 e.
490 2046 522 2078 q.
544 2046 583 2078 s.,
608 2033 722 2078 vergl.
738 2033 811 2069 Cic.

75 2079 120 2115 de
141 2082 230 2115 orat.
255 2085 287 2124 3,
313 2084 370 2125 37,
398 2084 479 2116 148:
501 2081 738 2126 pervulyatas
758 2090 811 2115 res

73 2127 283 2172 requiris,
309 2128 441 2172 inquit,
466 2131 503 2163 et
528 2128 613 2162 tibi
638 2138 723 2162 non
747 2129 811 2162 iu-

74 2174 811 2220 coymtasssuzmci.Quisemme.q.s.

121 2221 262 2265 Inopia
281 2222 423 2257 scheint
441 2222 521 2256 hier
539 2222 578 2256 in
598 2222 697 2257 einer
712 2224 814 2256 sonst

72 2267 178 2303 nicht
201 2270 326 2314 streng
349 2269 647 2304 nachweisbaren
672 2268 811 2303 Beden-

70 2316 166 2360 tang
195 2315 256 2351 die
292 2315 502 2361 angeborne
527 2316 812 2360 Rathlosigkeit‚

72 2362 144 2397 den
168 2361 317 2408 Mangel
343 2363 518 2408 geistiger
540 2363 743 2408 Begabung
769 2375 812 2397 zu

71 2409 304 2445 bezeichnen.
338 2410 442 2445 Sinn:
472 2410 616 2445 ‘Kra'tfte
641 2410 716 2444 und
743 2410 811 2445 Ta-

71 2456 172 2491 lente
192 2456 272 2491 sind
291 2457 343 2491 im
363 2457 569 2492 Ueberfluss
587 2457 813 2501 vorhanden,

74 2502 162 2539 aber
200 2514 236 2538 es
272 2503 368 2539 fehlt
403 2504 467 2539 der
497 2504 613 2539 Fleiss
647 2504 720 2539 und
753 2504 813 2539 die

74 2549 355 2586 Sittenreinheit
379 2551 443 2586 der
467 2551 567 2587 alten
595 2551 700 2587 Zeit?

115 2599 154 2636 ,εὑ
171 2597 347 2633 oblivione
364 2599 475 2633 *moris
494 2600 648 2644 antiqui.
687 2598 812 2633 Dieses

72 2643 186 2679 letzte
193 2642 300 2680 Glied
313 2644 405 2680 fasst
417 2645 475 2681 die
486 2645 812 2690 vorhergehenden

73 2690 112 2726 in
153 2691 550 2737 verallgemeinernder
586 2693 711 2728 Weise
755 2704 812 2727 zu-

74 2747 248 2773 sammen.

122 2795 242 2821 corwm
273 2796 346 2830 qua
370 2796 399 2820 e.
428 2798 460 2831 q.
489 2799 514 2820 s.
553 2786 627 2822 Der
654 2787 743 2822 Sinn
767 2786 816 2821 ist

73 2830 194 2868 nicht:
228 2833 279 2867 ‘in
312 2832 422 2868 deren
449 2833 526 2877 (der
551 2833 814 2876 Verwandten)

883 1515 1100 1560 Gegenwart
1137 1515 1201 1549 der
1236 1515 1363 1549 Knabe
1399 1514 1519 1549 nichts
1552 1514 1624 1548 Un-

884 1563 1125 1597 sehickliches
1138 1563 1230 1596 thun
1245 1562 1333 1597 oder
1347 1573 1458 1605 sagei]
1466 1561 1587 1595 durfte
1597 1560 1621 1602 ;’

884 1610 1056 1651 sondem,
1072 1610 1152 1644 (wie
1179 1610 1255 1643 sich
1281 1621 1345 1643 aus
1371 1609 1435 1643 der
1459 1607 1626 1653 Vei-glei-

884 1657 1006 1701 ehung
1037 1667 1107 1691 von
1141 1668 1169 1691 c.
1204 1660 1265 1690 29:
1298 1656 1386 1700 quid
1417 1666 1538 1690 coram
1570 1656 1626 1689 in-

883 1704 984 1746 fame
1015 1704 1159 1738 domino
1191 1707 1257 1737 (cut
1288 1704 1387 1738 (licat
1418 1706 1484 1737 mot
1509 1702 1627 1745 faciat

883 1750 1041 1795 ergiebt:
1054 1750 1106 1784 ‘in
1115 1750 1226 1785 deren
1234 1750 1312 1793 (der
1319 1749 1476 1794 Kinder)
1484 1748 1626 1794 Gegen-

884 1800 977 1832 wart
991 1797 1174 1832 Niemand
1197 1799 1310 1832 etwas
1324 1796 1626 1832 Unschiekliehes

884 1845 977 1879 thim
1004 1845 1091 1879 oder
1116 1855 1228 1889 sagen
1248 1844 1397 1879 durfte.'
1435 1855 1509 1888 qua,
1527 1843 1628 1878 steht

885 1892 962 1926 also
988 1892 1091 1926 nicht
1115 1891 1270 1936 parallel
1296 1891 1366 1926 mit
1391 1892 1512 1933 cuius,
1545 1901 1626 1925 son-

885 1939 974 1974 dem
1000 1939 1146 1973 bezieht
1171 1939 1247 1973 sich
1273 1938 1340 1972 auf
1362 1938 1425 1973 das
1451 1938 1628 1973 zuniichst

886 1986 1167 2029 voi-angehende
1193 1986 1342 2020 suboles.

933 2045 975 2068 ac
1005 2043 1079 2067 non
1103 2033 1227 2067 studia
1254 2033 1355 2067 modo
1381 2042 1556 2076 curasque
1579 2051 1626 2056 —

886 2081 1114 2124 temperabat.
1155 2080 1206 2114 Zu
1232 2079 1369 2114 diesem
1390 2079 1553 2113 Verbum
1578 2078 1628 2113 isi:

885 2138 1013 2172 wegen
1048 2127 1111 2161 (les
1144 2127 1343 2171 folgenden
1377 2126 1445 2161 mit
1479 2127 1530 2161 sic
1564 2125 1626 2160 be-

886 2174 1094 2219 ginnenden
1115 2173 1238 2209 Satzes
1262 2177 1376 2208 viator
1401 2173 1455 2208 als
1476 2172 1628 2218 Subject

886 2234 927 2255 zu
963 2221 1118 2256 denken.
1156 2221 1242 2255 Dies
1276 2221 1358 2263 hat,
1393 2221 1440 2255 da
1471 2220 1510 2255 in
1541 2220 1626 2255 dem

885 2268 1213 2313 vorhergehenden
1234 2268 1339 2303 Satze
1365 2279 1436 2302 von
1462 2267 1526 2302 der
1540 2277 1626 2311 pro—

879 2316 1026 2360 pinqua
1051 2315 1110 2350 die
1136 2315 1236 2350 Rede
1262 2315 1326 2358 ist,
1362 2314 1627 2359 grammatisch

886 2363 984 2398 seine
994 2362 1333 2407 Schwierigkeiten,
1349 2361 1530 2396 erscheint
1537 2360 1627 2395 aber

885 2410 1046 2454 weniger
1060 2411 1218 2454 gewagt,
1232 2421 1337 2444 wenn
1351 2420 1437 2443 man
1451 2407 1626 2451 bedenkt,

886 2457 968 2492 dass
1004 2457 1063 2492 die
1096 2458 1309 2500 propinqua
1346 2468 1414 2490 nur
1450 2455 1628 2499 beiliiufig

886 2504 940 2539 als
965 2504 1045 2539 eine
1071 2503 1136 2538 der
1155 2503 1293 2538 Mutter
1317 2502 1627 2547 untergeordnete

885 2551 1102 2586 W'zichterin
1123 2551 1186 2585 des
1205 2551 1343 2585 Kindes
1363 2550 1539 2593 erwiihnt,
1565 2548 1626 2584 die

884 2598 1023 2633 Mutter
1060 2597 1148 2632 aber
1185 2597 1239 2632 a-ls
1276 2597 1334 2632 die
1372 2597 1513 2641 einzige
1550 2595 1627 2631 und.

885 2645 1076 2680 wirkliche
1102 2644 1311 2679 Erzieherin
1344 2643 1535 2679 desselben
1563 2643 1627 2678 be-

886 2692 1050 2727 trachtet
1075 2691 1177 2725 wird.

933 2739 1132 2783 disciplina
1158 2749 1200 2772 ac
1224 2739 1392 2773 severitas
1417 2737 1487 2772 wie
1514 2737 1626 2771 oben:

888 2786 930 2821 de
960 2786 1144 2820 severitate
1175 2795 1219 2820 ac
1248 2786 1465 2829 dssciplinffl
1499 2783 1627 2819 weiter

887 2836 1001 2868 unten
1020 2833 1071 2867 im
1087 2831 1481 2867 Genetivverhaltniss:
1501 2831 1625 2866 severi·
