1828 3044
776 41 1066 82 —14—

145 149 316 190 Saleium
342 149 516 194 Bassum,
550 159 640 186 cum
672 149 865 198 optimum
895 146 1022 185 virum
1052 151 1137 186 tum
1159 145 1496 186 absolutissimum
1519 148 1700 198 poetam?

144 217 264 258 porro
304 207 336 244 si
368 206 523 256 poetica
553 209 778 248 accusatur,
819 215 898 242 non
929 202 1048 241 alium
1080 202 1194 241 video
1224 214 1336 241 reum
1368 202 1700 255 locupletiorem?

258 261 445 300 ‘Securus
478 262 560 310 sit‚'
590 259 718 311 inquit
748 260 863 310 Aper,
898 260 952 297 ‘et
973 259 1125 298 Saleius
1146 259 1292 298 Bassus
1321 263 1360 298 et
1390 260 1570 311 quisquis
1600 259 1698 300 alius

144 318 318 357 studium
350 319 529 368 poeticae
561 320 600 355 et
630 315 850 354 carminum
872 314 1036 365 gloriam
1059 315 1177 366 fovet,
1210 326 1300 354 cum
1323 326 1460 354 causas
1481 326 1597 366 agere
1618 327 1697 356 non

142 375 280 426 possit.
329 384 402 422 ego
435 373 553 416 enim,
586 376 778 422 quatenus
809 370 1004 410 arbitrum
1035 371 1117 410 litis
1147 370 1264 411 huius
1294 372 1465 410 inveniri
1487 382 1566 411 non
1583 378 1697 423 puto,

143 441 222 469 non
253 429 380 480 patiar
411 428 631 468 Maternum
663 429 851 466 societate
882 426 1055 478 plurium
1089 426 1270 471 defendi,
1312 427 1380 465 sed
1412 429 1540 479 ipsum
1571 428 1697 467 solum

143 485 247 537 apud
278 496 319 524 se
351 495 574 534 coarguam,
607 483 712 535 quod
743 489 858 522 natus
880 483 927 522 ad
949 483 1212 534 eloquentiam
1234 483 1389 522 virilem
1412 488 1451 522 et
1471 484 1696 528 oratoriam.

142 554 219 594 qua
250 553 391 592 parere
423 541 538 580 simul
569 544 608 579 et
630 540 732 578 tueri
756 539 956 584 amicitias,
990 539 1210 578 adsciscere
1232 538 1559 584 necessitudines,
1593 551 1700 578 com-

142 598 262 649 plecti
292 597 515 648 provincias
546 597 686 648 possit,
718 596 864 634 omittit
895 595 1085 639 studium,
1118 607 1194 647 quo
1225 607 1303 634 non
1334 595 1440 634 aliud
1471 597 1512 634 in
1542 595 1698 635 civitate

142 659 278 693 nostra
311 653 370 692 vel
411 652 458 691 ad
499 653 704 691 utilitatem
737 652 978 691 fructuosius
1009 653 1069 690 vel
1099 653 1156 689 ad
1184 653 1423 701 voluptatem
1453 652 1609 691 dulcius
1637 651 1696 691 vel

142 709 188 749 ad
222 710 454 759 dignitatem
486 707 654 758 amplius
684 707 743 746 vel
775 708 822 746 ad
855 707 965 746 urbis
997 707 1136 746 samam
1169 708 1375 759 pulchrius
1406 707 1465 746 vel
1497 707 1545 747 ad
1576 708 1699 746 totius

142 765 298 816 imperii
329 771 446 816 atque
478 766 653 803 omnium
685 766 860 814 gentium
893 764 1071 802 notitiam
1103 764 1297 803 illustrius
1318 765 1533 814 excogitari
1555 769 1699 814 potest.

141 834 230 861 nam
263 822 295 860 si
326 821 372 860 ad
405 821 614 860 utilitatem
646 820 746 859 vitae
777 821 908 858 omnia
940 820 1101 858 consilia
1133 819 1312 871 factaque
1334 825 1469 859 nostra
1491 819 1698 870 dirigenda

142 883 244 923 sunt,
277 877 371 929 quid
403 882 463 916 est
482 877 602 916 tutius
623 888 738 928 quam
762 889 846 915 eam
870 887 1058 915 exercere
1081 881 1218 919 artem,
1251 887 1325 927 qua
1347 887 1503 927 semper
1525 881 1700 915 armatus

141 934 386 985 praesidium
426 934 581 978 amicis,
623 944 737 983 opem
779 933 938 977 alienis,
983 932 1146 971 salutem
1179 931 1516 983 periclitantibus,
1557 931 1699 978 invidis

142 1002 234 1029 vero
273 995 311 1028 et
351 991 525 1028 inimicis
565 995 714 1028 metum
753 994 791 1027 et
822 994 1015 1027 terrorem
1047 987 1151 1027 ultro
1184 988 1306 1032 seras,
1349 989 1433 1038 ipse
1466 999 1629 1027 securus
1659 993 1699 1027 et

189 1132 333 1166 Saleius
375 1131 515 1165 Bassus
565 1131 624 1165 ein
669 1130 881 1174 trefflicher,

141 1179 229 1214 aber
254 1190 374 1213 armer
399 1178 561 1221 Dichter,
589 1189 660 1212 von
680 1178 882 1222 Vespasiau

140 1226 345 1261 beschenkt-
380 1228 471 1269 (cap.
505 1226 550 1265 9').
594 1225 718 1259 Etwas
753 1225 883 1259 anders

140 1273 259 1308 lautet
296 1273 361 1307 das
395 1272 541 1307 Urtheil
577 1272 641 1306 des
677 1272 883 1314 Quintilian

141 1324 215 1364 (10,
252 1326 286 1363 1,
320 1323 396 1361 90):
434 1320 613 1354 vehemens
645 1322 676 1353 et
702 1320 881 1363 poeticum

142 1368 327 1412 maenium
338 1366 453 1402 Saleii
463 1366 575 1400 Bassi
588 1367 674 1409 fuit,
690 1377 751 1401 uec
764 1367 883 1410 ipsum

139 1418 314 1450 senectute
338 1417 535 1448 maturum.

181 1472 307 1506 porro,
329 1461 411 1495 ‘auf
421 1461 485 1495 der
498 1461 637 1495 andern
653 1460 752 1495 Seite
766 1460 880 1495 aher.³

141 1509 245 1543 Zwaa·
279 1509 327 1543 ist
355 1508 496 1543 Saleius
521 1508 653 1542 Bassus
679 1508 778 1542 mein
804 1519 881 1542 ver-

139 1558 338 1591 trautester
393 1555 560 1599 Freund,
616 1555 883 1589 hinwiederum

141 1603 229 1638 aber
248 1603 347 1637 kann
366 1602 427 1637 ich
446 1602 485 1636 in
505 1602 643 1637 diesem
657 1602 759 1636 Faue
780 1602 883 1636 nicht

140 1650 286 1692 umhin,
330 1650 395 1684 ihn
439 1650 492 1684 als
535 1649 796 1693 Angeklagten
840 1661 883 1683 zu

141 1697 361 1742 empfehlen.
400 1707 513 1740 porro
551 1696 767 1731 bezeichnet
803 1696 884 1731 hier

141 1744 219 1779 also
240 1744 310 1778 den
329 1743 551 1778 Fortschritt
570 1756 651 1777 zum
671 1744 881 1788 Entgegen-

141 1793 341 1836 gesetzten.
381 1791 522 1825 Anders
549 1802 577 1825 c.
606 1794 660 1825 23.

188 1849 288 1873 reum
309 1839 580 1882 locupletiorem.
614 1839 690 1872 Aus
710 1838 794 1871 (19111
816 1838 881 1871 Zu-

141 1885 407 1930 sammenhang
437 1885 513 1919 und
539 1896 603 1919 aus
628 1885 693 1919 (191·
718 1884 883 1928 Verglei-

142 1933 265 1978 chung
283 1944 356 1967 von
369 1932 448 1966 Liv.
468 1936 499 1975 9,
527 1935 559 1974 9,
585 1932 696 1966 sowie
717 1931 779 1965 des
793 1932 883 1966 Aus-

142 1980 297 2015 druckes
323 1980 420 2014 testis
446 1979 601 2023 locuples
628 1978 771 2023 ergiebt
795 1978 882 2021 sich,

142 2027 223 2062 dass
262 2026 403 2061 Saleius
439 2027 571 2060 Bassus
612 2026 773 2060 insofern
812 2037 883 2059 von

143 2074 330 2109 Secundus
367 2074 421 2108 als
459 2085 541 2108 reus
574 2073 884 2117 locupletissimus

141 2121 358 2156 bezeichnet
383 2120 491 2163 wira,
523 2120 576 2155 als
602 2132 641 2155 er
664 2120 729 2154 11111
755 2131 884 2164 wegen

142 2168 259 2203 seines
279 2167 556 2202 voi-trefflichen
573 2167 787 2202 Chai-acters
807 2166 884 2201 und

142 2215 260 2250 seiner
292 2215 527 2249 voliendeten
559 2215 795 2258 Dichtungen
825 2214 884 2247 fiir

140 2262 338 2297 besonders
359 2261 531 2306 geeignet
549 2262 640 2304 111111,
666 2261 717 2295 1111
739 2262 882 2295 Ν91111911

142 2310 234 2344 aller
252 2309 405 2344 Dichter
430 2309 505 2343 und
530 2309 583 2343 als
604 2308 792 2343 Vertreter
819 2308 883 2342 (191·

142 2356 368 2391 Dichtkunst
399 2356 457 2390 die
490 2366 608 2400 gegen
641 2355 699 2389 die
731 2355 882 2390 letztere

142 2416 185 2438 zu
228 2403 419 2438 riehtende
463 2403 632 2447 Anklage
676 2402 742 2437 auf
784 2402 883 2436 seine

141 2451 278 2485 Persou
303 2463 345 2484 zu
370 2450 540 2484 nehmen.

189 2501 365 2542 quatenus
384 2518 430 2521 —
449 2507 524 2531 uon,
537 2500 642 2541 puto,
667 2507 739 2531 uon
754 2497 885 2540 patiar

142 2547 211 2579 etc.
258 2545 362 2579 Sinn:
398 2544 460 2578 ‘da
493 2544 680 2579 Secundus
714 2544 791 2578 sich
823 2555 883 2588 ge-

141 2592 295 2636 weigert
345 2592 429 2634 hat,
479 2591 517 2625 111
567 2591 704 2626 diesem
749 2591 883 2625 Streite

141 2639 294 2673 Richter
325 2651 368 2672 zu
401 2638 494 2681 sein,
530 2649 568 2673 so
600 2650 698 2672 muss
729 2638 790 2672 ich
822 2649 883 2671 an-

142 2686 318 2729 nehmen,
353 2685 434 2719 dass
460 2686 537 2719 sich
563 2685 621 2719 fiir
647 2685 772 2719 diesen
796 2685 882 2718 Pro-

142 2744 233 2775 zess,
261 2733 331 2767 den
357 2733 425 2766 wir
450 2733 561 2766 sehon
588 2743 626 2767 so
653 2732 761 2777 lange
789 2732 883 2766 ohne

142 2779 295 2815 Richter
326 2780 474 2823 fiihren‚
506 2779 592 2813 kcin
620 2779 884 2814 Schiedsmann

955 1130 1084 1171 findet,
1112 1130 1187 1164 und
1213 1130 1261 1163 da
1286 1129 1347 1163 ich
1371 1129 1410 1163 111
1428 1129 1544 1174 Folge
1570 1129 1699 1165 dessen

955 1189 1001 1212 an
1022 1177 1129 1212 keine
1145 1176 1420 1221 Anordnungen
1440 1177 1539 1211 eines
1551 1176 1699 1212 Dritten

956 1225 1150 1269 gebunden
1175 1224 1250 1266 bin,
1276 1224 1397 1258 werde
1417 1223 1477 1258 ich
1496 1224 1600 1259 nicht
1619 1224 1699 1258 dul-

955 1272 1042 1311 (1911,
1075 1272 1157 1305 dass
1183 1271 1370 1305 Maternus
1403 1270 1518 1305 durch
1544 1270 1602 1305 die
1629 1270 1698 1306 Ge-

956 1319 1143 1353 sellschaft
1162 1318 1327 1352 Anderer
1345 1319 1568 1352 unters‘tiibzt
1586 1317 1697 1360 wird3

957 1377 995 1400 91·
1015 1365 1083 1399 soll
1103 1365 1174 1399 mir
1188 1364 1442 1409 Angeklagter
1458 1364 1533 1398 und
1547 1365 1701 1400 Richter

957 1413 1126 1457 zugleich
1152 1412 1255 1447 sein.'
1731 1421 1739 1427 ·

1003 1460 1143 1494 virilem
1180 1462 1212 1493 et
1249 1459 1466 1500 oratoriam,
1505 1458 1600 1493 deun
1638 1458 1698 1494 die

956 1507 1113 1551 iibrigen
1132 1509 1258 1550 partes
1282 1505 1357 1539 und
1382 1516 1513 1549 genera
1538 1506 1698 1550 eloquen-

956 1555 1045 1595 tiae,
1090 1553 1287 1588 besonders
1331 1552 1389 1587 (119
1428 1552 1490 1587 des
1528 1552 1699 1588 Dichters

957 1604 1000 1644 (c.
1038 1602 1105 1645 101³,
1141 1601 1269 1635 stehen
1303 1600 1367 1635 der
1401 1600 1602 1644 eloquentia
1635 1600 1699 1635 des

958 1651 1081 1683 orator
1106 1648 1195 1682 weit
1220 1647 1325 1682 nach.

1005 1695 1056 1730 cel
1089 1695 1138 1729 acl
1164 1695 1355 1729 utilitatem
1379 1693 1604 1736 fructuosius
1629 1695 1697 1728 etc.

956 1743 1062 1776 Nach
1093 1742 1218 1776 diesen
1242 1742 1398 1776 &Vorten
1430 1740 1590 1785 glieder'c
1619 1740 1698 1775 sich

957 1790 1015 1824 die
1047 1789 1221 1833 folgende
1253 1788 1419 1823 Lobrede
1452 1787 1518 1821 auf
1546 1787 1604 1822 die
1630 1787 1697 1822 Β9-

956 1836 1183 1871 redsamkei‘c
1210 1836 1249 1870 in
1274 1835 1439 1869 mehrere
1466 1834 1695 1869 Abschnitte.

957 1884 1077 1918 Ueber
1097 1883 1156 1917 die
1175 1883 1318 1917 utilitas
1337 1882 1402 1916 der
1420 1881 1700 1916 Beredsamkeit

957 1931 1095 1975 spi-ioht
1121 1931 1220 1974 Aper
1250 1929 1306 1963 bis
1338 1940 1416 1973 cap.
1444 1933 1480 1972 (3,
1515 1928 1606 1964 iiber
1636 1928 1698 1964 die

956 1978 1122 2021 voluptas
1160 1977 1215 2011 bis
1254 1987 1331 2020 cap.
1370 1980 1387 2009 7
1425 1976 1550 2020 aratia
1582 1976 1697 2018 venit;

957 2025 1048 2059 iiber
1091 2025 1149 2059 die
1194 2024 1355 2068 (liquitas
1392 2023 1468 2057 und
1503 2023 1605 2066 fama
1641 2022 1699 2058 bis

958 2083 1035 2117 cap.
1063 2076 1094 2106 9.

1003 2119 1100 2153 Nam
1110 2119 1142 2153 si
1151 2118 1198 2153 acl
1209 2116 1693 2161 utilitatemEinleitungp.4.

1003 2167 1071 2201 Die
1089 2166 1219 2200 &Vorte
1239 2165 1389 2199 salutem
1402 2163 1698 2208 periclitantibus

957 2213 1076 2247 fasscn
1121 2213 1180 2247 die
1219 2212 1353 2247 beiden
1390 2210 1699 2255 vorangehenden

956 2260 1104 2295 Glieder
1141 2260 1178 2294 in
1216 2258 1442 2303 steigernder
1475 2258 1600 2292 Weise
1638 2269 1698 2292 zu-

956 2318 1130 2342 sammen.
1166 2307 1216 2341 Zu
1237 2306 1301 2340 der
1321 2316 1462 2350 ganzen
1482 2304 1597 2339 Stelle
1617 2315 1697 2339 ver-

956 2355 1101 2399 gleiche
1123 2354 1196 2389 Cic.
1218 2353 1262 2387 de
1290 2355 1379 2387 orat.
1404 2357 1433 2395 1,
1461 2355 1492 2393 8,
1520 2355 1581 2386 32:
1607 2352 1698 2396 quid

957 2405 1030 2436 tam
1043 2412 1158 2445 porro
1178 2401 1326 2445 reyium,
1352 2403 1425 2434 tam
1446 2399 1602 2441 liberale,
1625 2402 1700 2433 tam

955 2449 1184 2491 mzmisicum,
1218 2458 1326 2491 quam
1358 2456 1474 2490 opem
1498 2445 1592 2488 ferre
1615 2456 1699 2490 sup-

951 2496 1124 2540 plicibus,
1150 2495 1307 2529 eoecitare
1332 2494 1500 2537 afflictos,
1525 2493 1613 2528 dare
1631 2503 1698 2527 sa-

957 2544 1106 2585 lutem,
1144 2542 1296 2576 liberare
1320 2541 1514 2585 perieulis,
1548 2540 1700 2575 retinere

956 2591 1113 2625 homiues
1151 2590 1192 2623 in
1229 2587 1399 2623 civitate?
1446 2586 1544 2632 Quid
1580 2590 1699 2622 autem

957 2640 1030 2671 tam
1058 2635 1311 2677 necessarium,
1343 2645 1450 2679 quam
1475 2637 1590 2668 tenere
1613 2644 1698 2668 sem-

950 2695 1020 2728 per
1058 2695 1182 2726 arma,
1219 2683 1349 2727 quibus
1386 2682 1439 2716 rel
1476 2684 1586 2716 tectus
1622 2681 1698 2724 ipse

957 2741 1027 2766 esse
1059 2731 1180 2775 possis
1213 2730 1264 2764 vel
1288 2739 1486 2773 provocare
1518 2728 1699 2772 improbos

956 2779 1010 2813 vel
1035 2781 1066 2812 te
1092 2778 1220 2812 ulcisci
1245 2775 1456 2811 lacessitus?
