1828 3044
800 25 1091 66 „16—

167 141 234 176 aut
255 135 469 175 amicorum
493 132 721 172 discrimina
745 131 1046 170 commendent?
1077 129 1207 170 ullane
1231 134 1335 169 tanta
1357 130 1578 181 ingentium
1601 141 1721 182 opum

167 205 211 232 ac
248 202 412 242 magnae
450 190 651 241 potentiae
690 187 886 239 voluptas,
926 198 1044 239 quam
1083 191 1261 237 spectare
1291 186 1470 225 homines
1502 192 1654 226 veteres
1685 192 1724 226 et

167 259 280 288 senes
326 252 365 286 et
410 246 529 285 totius
567 244 676 283 orbis
715 245 840 293 gratia
879 242 1067 282 subnixos
1106 244 1147 281 in
1185 253 1335 281 summa
1373 254 1507 281 rerum
1547 243 1722 281 omnium

167 304 405 343 abundantia
444 302 676 341 confitentes
714 299 753 338 id
785 298 888 350 quod
929 300 1122 349 optimum
1161 300 1212 338 sit
1240 309 1281 337 se
1312 310 1391 337 non
1420 297 1593 337 habere?
1642 299 1722 337 iam

166 372 258 400 vero
290 360 359 410 qui
390 362 611 408 togatorum
644 357 853 394 comitatus
884 360 922 393 et
953 365 1146 406 egressus,
1179 366 1278 406 quae
1309 355 1350 393 in
1381 353 1538 405 publico
1559 354 1721 405 species,

166 428 266 468 quae
298 417 340 454 in
370 413 530 453 iudiciis
560 412 780 451 veneratio!
826 408 951 460 quid?
997 411 1100 462 quod
1130 411 1318 461 gaudium
1340 410 1605 460 consurgendi
1627 411 1722 449 assi-

167 472 375 523 stendique
415 471 517 509 inter
548 474 722 508 tacentes
754 474 792 506 et
822 469 862 506 in
894 479 1014 506 unum
1048 467 1278 505 conversos!
1324 467 1431 505 coire
1463 465 1652 517 populum
1685 472 1724 505 et

166 526 430 567 circumfundi
461 537 649 565 coronam
682 529 721 562 et
751 525 931 574 accipere
963 522 1150 561 affectum
1181 534 1468 574 quemcumque
1499 527 1631 560 orator
1659 533 1724 560 vo-

165 585 302 624 luerit!
342 582 497 632 vulgata
530 581 743 620 dicentium
775 579 915 630 gaudia
948 584 986 618 et
1016 580 1292 629 imperitorum
1323 589 1480 630 quoque
1511 577 1636 616 oculis
1659 589 1724 616 ex-

166 641 293 692 posita
339 649 581 690 percenseo:
628 637 694 675 illa
740 636 953 674 secretiora
992 641 1030 673 et
1067 640 1217 674 tantum
1258 636 1353 685 ipsis
1393 632 1596 673 orantibus
1635 639 1724 672 nota

166 698 318 735 maiora
349 700 451 734 sunt.
503 695 583 732 sive
615 698 837 731 accuratam
869 691 1174 743 meditatamque
1206 690 1358 742 profert
1389 692 1627 734 orationem,
1667 695 1726 728 est

166 751 366 803 quoddam
398 752 500 789 sicut
530 750 656 800 ipsius
688 748 874 787 dictionis
904 749 956 786 ita
981 747 1110 798 gaudii
1133 746 1288 798 pondus
1311 752 1348 785 et
1370 748 1611 791 constantia;
1644 747 1724 785 sive

166 820 304 847 novam
337 813 374 846 et
405 811 603 845 recentem
636 816 770 844 curam
801 816 880 842 non
911 805 997 842 sine
1028 803 1156 854 aliqua
1188 803 1450 854 trepidatione
1483 802 1602 841 animi
1625 807 1725 841 attu-

124 889 139 914 3
166 865 278 909 lerit‚
311 865 395 914 ipsa
427 861 651 901 sollicitudo
682 860 931 899 commendat
962 865 1142 898 eventum
1174 865 1213 898 et
1243 859 1488 915 lenocinatur
1519 858 1723 910 voluptati.

167 920 236 960 sed
278 917 559 970 extemporalis
598 917 783 957 audaciae
824 921 940 967 atque
979 915 1102 967 ipsius
1142 916 1376 954 temeritatis
1413 915 1473 954 vel
1512 915 1726 966 praecipua

166 975 391 1016 iucunditas
430 980 501 1013 est.
549 985 639 1013 narn
677 972 720 1012 in
758 974 917 1023 ingenio
949 984 1104 1023 quoque
1136 972 1239 1010 sicut
1269 973 1309 1009 in
1342 983 1448 1022 agro,
1492 982 1726 1023 quamquam

167 1033 374 1076 solidiora,
419 1043 518 1082 quae
551 1034 739 1069 seruntur
770 1035 888 1080 atque
921 1028 1194 1073 elaborantur,
1236 1028 1409 1077 gratiora
1439 1032 1593 1072 tamen,
1626 1038 1725 1078 quae

126 1092 237 1129 7sua
276 1092 415 1140 sponte
448 1091 678 1126 nascuntur.
730 1085 934 1135 equidem,
976 1092 1018 1123 ut
1049 1084 1097 1123 de
1128 1096 1189 1123 me
1222 1085 1309 1135 ipso
1340 1084 1487 1127 fatear,
1528 1095 1606 1121 non
1639 1093 1726 1121 eum

169 1146 274 1184 diem
305 1143 510 1183 laetiorem
543 1144 619 1192 egi,
652 1154 729 1193 quo
753 1142 848 1180 mihi
870 1140 973 1180 latus
995 1140 1124 1179 clavus
1147 1139 1301 1179 oblatus
1323 1145 1394 1185 est,
1427 1139 1487 1178 vel
1510 1150 1587 1190 quo
1609 1138 1726 1177 homo

168 1213 292 1240 novus
324 1205 362 1239 et
392 1201 428 1238 in
462 1201 619 1238 civitate
651 1199 815 1236 minime
847 1196 1055 1236 favorabili
1088 1202 1203 1236 natus
1234 1201 1484 1247 quaesturam
1515 1200 1582 1234 aut
1603 1194 1725 1234 tribu-

215 1350 372 1384 homiues
392 1348 440 1382 ist
459 1348 511 1382 im
531 1347 718 1390 Einklang
738 1346 805 1380 mit
827 1346 909 1380 dem

170 1397 320 1441 obigen:
347 1406 455 1441 quam,
476 1395 596 1429 ridere
609 1395 758 1437 plenam
778 1406 808 1427 6.
829 1405 862 1436 q.
885 1406 910 1427 s.

168 1444 228 1478 fiir
265 1444 335 1478 den
373 1454 446 1476 von
481 1445 639 1485 spectare
677 1440 912 1484 abhiingigen

169 1491 367 1526 Accusativ
408 1502 451 1523 zu
488 1488 631 1530 hasten,
677 1499 715 1521 so
755 1487 837 1521 dass
874 1487 911 1520 111

170 1539 291 1584 jenem
311 1536 474 1571 Infinitiv
500 1535 668 1579 zugleich
692 1535 756 1568 das
777 1534 913 1569 Gefiihl

170 1586 233 1620 des
276 1584 468 1628 Behagens
518 1581 767 1627 ausgedrtickt
810 1581 912 1625 lieg‘c,

169 1632 327 1667 welches
358 1631 457 1665 beim
483 1629 644 1663 Anbliek
666 1629 772 1673 jener
798 1629 913 1662 Lente

170 1680 241 1714 den
267 1678 412 1713 Reduer
446 1676 582 1711 erfffllt.
610 1697 653 1700 —
681 1675 913 1710 Unbeholfen

170 1726 296 1761 wiirde
323 1725 381 1760 die
410 1723 667 1759 Construction
693 1723 780 1764 sein,
807 1734 913 1756 wenn

170 1786 256 1808 man
275 1776 434 1817 spectare
453 1772 611 1805 homines
630 1770 689 1803 fiir
709 1770 779 1803 den
795 1781 912 1804 accus.

172 1833 200 1856 6.
227 1820 291 1854 inf.
324 1820 393 1853 mit
419 1818 629 1853 fehlendem
657 1817 912 1861 Objectsaccu—

171 1868 264 1902 sativ
286 1879 329 1901 zu
348 1866 476 1900 hatten
497 1865 572 1898 und
585 1868 743 1907 spec-tare
764 1881 806 1892 =
831 1864 914 1898 ‘mit

171 1915 453 1957 Bewwmderuug
502 1911 714 1946 anblicken’
768 1923 811 1944 zu
862 1923 912 1945 61·-

170 1963 300 1996 1(1Ξ’11’611
325 1961 440 1995 hatte.

218 2012 347 2044 veteres
357 2007 437 2042 sind
446 2006 572 2048 Lente,
584 2005 643 2039 (lie
654 2005 711 2039 ein
722 2005 846 2039 reich
855 2016 873 2039 6
882 2018 913 2046 s,

171 2067 280 2099 senex,
307 2055 365 2089 die
392 2055 450 2088 6111
470 2054 626 2097 langes
647 2052 772 2086 Leben
793 2052 915 2086 hiuter

173 2104 250 2138 sich
276 2102 408 2136 haben.

220 2151 259 2184 in
293 2160 431 2183 summa
465 2158 582 2182 rerum
613 2146 772 2180 onmium
802 2146 915 2180 abuu-

173 2198 322 2238 (Ιαηΐίιι,
355 2195 468 2239 vergl.
503 2194 575 2229 Cic.
603 2194 704 2227 Brut.
733 2197 793 2236 93,
828 2197 913 2227 320:

173 2246 215 2279 in
240 2244 397 2279 onmium
426 2253 544 2276 rerum
572 2241 813 2275 abumlantia.

220 2292 291 2326 iam
315 2300 404 2324 νει-0,
442 2290 514 2323 Der
529 2287 737 2330 Absehnitt,
758 2287 916 2321 wele-her

173 2339 265 2373 iiber
291 2338 349 2372 die
370 2337 535 2380 voluptas
555 2335 737 2369 oratoriae
757 2335 915 2377 eloquen-

174 2387 246 2420 tiae
272 2384 426 2419 handelt
452 2382 578 2427 (vergi.
606 2382 665 2416 die
686 2381 859 2415 Anmerk.
888 2394 915 2415 z.

177 2444 253 2477 cap.
270 2436 306 2465 ὗε
327 2432 379 2466 vel
400 2431 447 2465 acl
462 2431 651 2464 utilitatem
667 2429 918 2471 fructuosius),

175 2479 364 2524 bespricht
389 2479 507 2512 zuerst
533 2477 591 2511 die
617 2477 784 2520 vulyata,
820 2475 917 2509 daun

177 2527 235 2561 die
255 2526 445 2561 secretiora
459 2525 655 2559 dicentium
668 2523 817 2567 (saudim
845 2523 918 2556 Der

177 2576 270 2608 ers-te
287 2572 405 2616 Theil,
426 2572 585 2606 welcher
604 2571 674 2604 mit
691 2570 774 2604 dem
789 2570 917 2603 &Vol-‘te

177 2621 330 2655 voluerit
351 2619 527 2658 schliesst,
554 2617 755 2652 behaudelt
775 2617 812 2650 111
834 2617 916 2650 stei-

178 2667 334 2712 gernder
359 2665 710 2709 Aufeinauderfolge
744 2664 803 2698 die
829 2663 917 2697 Hul-

178 2714 380 2758 digungen,
413 2713 552 2747 welche
585 2713 669 2746 (16111
700 2711 846 2745 Redner
878 2723 920 2744 zu

179 2762 317 2801 Hans-e,
351 2760 416 2794 auf
445 2760 508 2794 der
541 2760 679 2794 Strasse
711 2758 786 2792 und
821 2758 920 2793 heim

986 1344 1137 1379 Eum-itt
1176 1345 1213 1378 in
1252 1345 1321 1378 den
1357 1343 1605 1378 Gerichtssaal
1637 1343 1725 1383 (iam

985 1394 1091 1436 vero),
1123 1392 1197 1425 und
1229 1391 1377 1425 endlich
1407 1390 1506 1425 heim
1532 1389 1728 1424 Auftreten

986 1439 1104 1473 selber
1136 1439 1381 1483 dargebracht
1413 1437 1559 1472 werden
1593 1435 1726 1481 (quitis)

986 1486 1192 1521 vermittelt
1226 1485 1305 1519 hier
1339 1484 1407 1519 wie
1444 1496 1520 1528 cap.
1556 1488 1574 1518 7
1610 1481 1726 1528 quid?

986 1534 1086 1576 fama
1107 1536 1138 1567 et
1158 1533 1239 1566 laus
1260 1533 1329 1567 den
1345 1531 1565 1576 Uebergang
1585 1543 1627 1564 zu
1642 1530 1727 1564 dem

987 1580 1307 1622 Bedentendsten).

1033 1649 1274 1683 quemcunque
1297 1640 1419 1671 orator
1438 1636 1591 1670 voluerit
1611 1635 1726 1680 vei-gl.

987 1686 1112 1721 Cicero
1133 1685 1179 1719 de
1200 1688 1290 1719 orat.
1310 1690 1338 1727 1,
1363 1688 1416 1726 19,
1437 1687 1498 1717 87:
1520 1683 1575 1717 uti
1595 1692 1729 1723 eorum,

987 1734 1050 1777 qui
1070 1733 1252 1774 audirent,
1277 1733 1328 1765 sic
1349 1732 1581 1774 afficerentur
1601 1730 1728 1771 animi,

986 1784 1027 1814 ‘ut
1053 1791 1108 1814 eos
1134 1780 1236 1822 affici
1262 1779 1361 1813 vellet
1380 1780 1512 1812 orator.
1552 1777 1652 1811 Brut.
1671 1780 1727 1815 49,

989 1832 1071 1861 185:
1092 1830 1132 1861 'ut
1152 1827 1184 1861 ei
1198 1827 1260 1870 qui
1275 1826 1433 1859 (mutiunt
1449 1825 1499 1858 ita
1514 1824 1729 1867 afficiantur

988 1878 1027 1908 ut
1053 1877 1176 1908 orator
1200 1874 1293 1907 relit.

1034 1934 1106 1966 siz-e
1150 1935 1368 1966 accuratam.
1426 1930 1494 1964 Die
1539 1930 1730 1964 secretiora

988 1980 1183 2013 dicentium
1202 1979 1340 2023 gyauidia
1363 1977 1490 2021 (vergl.
1507 1977 1540 2011 (1.
1556 1976 1728 2010 Anmerk.

988 2039 1030 2060 zu
1069 2027 1139 2061 den
1170 2026 1326 2060 W'orten
1363 2026 1435 2059 iam
1473 2027 1581 2067 vero),
1619 2023 1730 2058 deren

988 2074 1248 2118 Besprechung
1286 2074 1385 2116 Aper
1422 2071 1491 2105 mit
1523 2070 1730 2114 Beispielen

989 2133 1053 2155 aus
1073 2121 1210 2155 seinem
1232 2120 1387 2164 eigenen
1408 2118 1531 2153 Leben
1551 2117 1728 2160 schliesst,

988 2168 1134 2202 werden
1167 2168 1250 2201 dem
1284 2166 1428 2201 Redner
1460 2177 1503 2199 zu
1535 2164 1658 2207 Theil‚
1691 2175 1730 2199 so

989 2215 1044 2249 oft
1083 2227 1120 2248 61·
1158 2215 1237 2249 eine
1275 2214 1385 2257 lange
1423 2212 1497 2246 und
1536 2211 1732 2256 sorgfailtig

989 2262 1234 2297 vorbereitete
1260 2260 1360 2295 Rede
1386 2260 1483 2300 halt,
1513 2259 1599 2293 oder
1625 2270 1731 2292 wenn

991 2322 1028 2343 61·
1054 2309 1133 2343 eine
1160 2309 1265 2343 rasch
1291 2307 1366 2341 und
1392 2306 1547 2350 flflehtig
1573 2308 1729 2340 entwor-

989 2357 1072 2391 fene
1104 2355 1234 2390 Arbeit
1264 2356 1371 2396 (eura
1402 2354 1441 2387 111
1472 2353 1590 2387 dieser
1620 2353 1730 2387 nach-

992 2403 1210 2438 classischen
1230 2402 1450 2444 Bedeutung
1474 2400 1569 2434 auch
1596 2410 1674 2444 cap.
1695 2400 1729 2442 3)

991 2452 1174 2494 vortritgt,
1206 2448 1403 2483 besonders
1429 2447 1533 2491 aber,
1560 2458 1667 2481 wenn
1693 2457 1732 2480 er

990 2497 1216 2541 vollsti'tndig
1240 2495 1476 2540 improvisirt.

1038 2556 1230 2590 meditatus
1243 2555 1323 2588 hier
1336 2553 1546 2598 passivisch,
1562 2552 1732 2597 dagegen

992 2615 1069 2647 cap.
1098 2607 1141 2637 10
1167 2601 1355 2637 activisch.

1039 2662 1214 2706 equidem,
1248 2664 1297 2694 ut.
1336 2659 1456 2694 seber
1488 2659 1547 2694 die
1574 2658 1729 2693 Lebens-

992 2709 1232 2743 verhiil‘cnisse
1278 2707 1340 2741 des
1377 2707 1476 2751 Aper
1519 2705 1632 2750 vergl.
1672 2705 1731 2739 die

992 2756 1207 2800 Einleitung
1233 2767 1266 2799 p.
1295 2759 1324 2788 3.
