1828 3044
893 78 1065 121 38—

147 185 360 225 Pacuvium
398 191 503 224 certe
542 192 579 224 et
608 186 769 224 Accium
799 196 877 224 non
908 184 1033 224 solum
1063 183 1274 235 tragoediis
1303 183 1371 222 sed
1402 184 1519 223 etiam
1551 185 1695 223 oratio·

148 241 267 281 nibus
297 242 377 280 suis
406 243 621 292 expressit:
654 241 750 280 adeo
782 241 903 280 durus
935 246 972 279 et
1002 241 1130 280 siccus
1160 245 1233 278 est.
1277 241 1403 278 oratio
1435 246 1564 280 autem
1595 241 1696 280 sicut

147 309 292 349 corpus
321 297 493 336 hominis
524 309 567 336 ea
599 296 755 337 demum
787 297 949 347 pulchra
980 301 1051 341 est,
1083 298 1125 336 in
1156 307 1233 347 qua
1263 307 1341 334 non
1372 297 1546 335 eminent
1574 307 1695 335 venae

147 365 221 393 nec
265 365 352 392 ossa
399 359 674 398 numerantur,
722 352 791 392 sed
837 358 1078 404 temperatus
1116 363 1161 391 ac
1199 351 1326 390 bonus
1362 353 1522 402 sanguis
1558 351 1697 403 implet

148 408 325 448 membra
370 415 410 448 et
453 411 609 460 exurgit
650 410 749 448 toris
792 409 976 460 ipsosque
1022 420 1163 448 nervos
1204 407 1329 447 rubor
1366 408 1464 458 tegit
1502 413 1542 446 et
1579 407 1698 447 decor

148 465 408 505 commendat.
460 465 549 505 nolo
589 465 800 505 Corvinum
837 464 1009 516 insequi,
1053 466 1145 516 quia
1185 476 1259 504 nec
1300 475 1372 515 per
1408 464 1537 514 ipsum
1576 465 1696 506 stetit,

148 533 226 572 quo
263 523 395 561 minus
431 521 616 561 laetitiam
657 522 905 571 nitoremque
936 525 1160 560 nostrorum
1190 526 1413 571 temporum
1444 519 1696 570 exprimeret,

147 582 185 616 et
224 577 421 622 videmus,
470 579 511 616 in
550 583 741 628 quantum
780 577 928 616 iudicio
966 577 1049 616 eius
1087 578 1146 616 vis
1185 581 1252 616 aut
1290 577 1412 615 animi
1449 581 1516 615 aut
1551 575 1700 625 ingenii

79 631 129 668 ‘22
148 633 356 672 suffecerit.
407 633 454 672 ad
486 633 716 673 Ciceronem
757 633 891 678 venio,
930 634 994 672 cui
1024 633 1160 672 eadem
1190 643 1320 682 pugna
1350 643 1439 671 cum
1471 630 1701 683 aequalibus

148 691 231 728 suis
268 690 360 734 fuit,
401 701 501 742 quae
533 689 629 729 mihi
658 689 861 729 vobiscum
893 695 963 728 est.
1008 689 1067 728 illi
1097 689 1200 728 enim
1231 689 1412 740 antiquos
1441 686 1698 731 mirabantur,

147 747 232 796 ipse
263 757 425 785 suorum
456 751 677 796 temporum
709 745 970 796 eloquentiam
1001 743 1284 796 anteponebat;
1318 756 1391 784 nec
1412 744 1488 783 ulla
1512 756 1554 783 re
1575 744 1701 793 magis

147 806 298 841 ceteros
339 801 515 841 eiusdem
555 803 696 841 aetatis
728 807 906 840 oratores
937 802 1161 852 praecurrit
1192 812 1307 851 quam
1339 799 1502 839 iudicio.
1552 800 1700 851 primus

149 859 255 897 enim
295 858 467 898 excoluit
505 859 743 902 orationem,
783 859 936 909 primus
974 863 1013 895 et
1051 856 1184 896 verbis
1222 856 1419 895 delectum
1451 855 1632 896 adhibuit
1662 861 1701 894 et

150 915 427 964 compositioni
465 920 608 962 artem,
649 914 757 953 locos
794 925 949 964 quoque
988 913 1174 952 laetiores
1212 912 1417 951 attentavit
1445 917 1484 952 et
1514 911 1700 963 quasdam

149 971 364 1009 sententias
400 971 568 1015 invenit,
608 971 743 1022 utique
784 971 825 1009 in
863 970 910 1008 iis
947 968 1211 1013 orationibus,
1250 980 1347 1019 quas
1383 968 1458 1006 iam
1495 969 1626 1007 senior
1665 972 1702 1006 et

151 1027 259 1065 iuxta
300 1027 417 1065 finem
463 1028 565 1065 vitae
611 1026 850 1078 composuit,
897 1025 937 1064 id
976 1031 1037 1064 est
1074 1030 1281 1076 postquam
1319 1025 1445 1074 magis
1482 1024 1704 1074 profecerat

149 1094 302 1134 usuque
347 1088 385 1121 et
429 1082 709 1134 experimentis
754 1081 964 1126 didicerat,
1012 1080 1115 1133 quod
1154 1082 1344 1132 optimum
1384 1079 1542 1119 dicendi
1580 1090 1703 1130 genus

151 1145 266 1177 esset.
317 1149 406 1177 nani
446 1140 599 1190 priores
637 1140 722 1177 eius
762 1139 963 1177 orationes
1001 1150 1079 1176 non
1119 1143 1254 1176 carent
1291 1137 1398 1175 vitiis
1439 1135 1702 1188 antiquitatis:

150 1194 279 1234 lentus
311 1201 368 1234 est
398 1196 437 1233 in
468 1196 698 1246 principiis,
731 1194 873 1245 longus
903 1195 942 1232 in
975 1193 1290 1237 narrationibus,
1325 1193 1473 1232 otiosus
1504 1193 1607 1231 circa
1637 1203 1703 1230 ex-

151 1262 305 1296 cessus;
345 1251 454 1290 tarde
495 1257 784 1295 commovetur,
823 1262 913 1289 raro
953 1249 1176 1294 incalescit3
1214 1250 1331 1300 pauci
1371 1260 1509 1288 sensus
1547 1253 1634 1300 apte
1666 1252 1705 1286 et

151 1318 241 1346 cum
279 1306 449 1358 quodam
489 1305 637 1346 lumine
676 1308 952 1346 terminantur.
1005 1306 1104 1345 nihil
1144 1317 1377 1356 excerpere,
1417 1303 1519 1343 nihil
1550 1304 1703 1343 referre

150 1365 297 1414 possis,
342 1368 379 1401 et
418 1363 524 1402 velut
554 1365 593 1402 in
624 1363 716 1402 rudi
747 1363 924 1402 aedificio
956 1363 1092 1402 firmus
1122 1373 1215 1401 sane
1246 1362 1376 1414 paries
1408 1367 1446 1399 et
1477 1360 1702 1402 duraturus,

198 1541 405 1585 traqoecliis.
434 1540 556 1585 Vergl.
578 1540 637 1575 die
652 1540 893 1583 Anmerkung

153 1600 197 1622 zu
223 1599 300 1632 cap.
330 1592 383 1622 17.

198 1634 281 1669 Von
307 1635 377 1669 (1911
404 1634 537 1670 beiden
562 1634 678 1669 durch
702 1644 765 1669 nec
792 1654 833 1658 —-
862 1636 893 1669 et

1008 1540 1151 1583 primus
1177 1539 1270 1573 enim
1291 1537 1447 1573 excoluit
1466 1548 1496 1573 e.
1518 1549 1552 1581 q.
1573 1549 1598 1572 s.
1632 1536 1706 1571 Das

966 1588 1060 1621 erste
1094 1585 1281 1630 Satzglied
1320 1584 1464 1620 enthalt
1501 1584 1561 1620 ein
1592 1583 1706 1627 allge-

966 1634 1103 1668 meines
1130 1632 1290 1675 Urtheil‚
1323 1632 1382 1667 die
1414 1631 1613 1677 folgenden
1645 1630 1706 1666 be-

151 1682 411 1717 verbundenen
431 1681 687 1717 Causalsatzen
707 1681 810 1725 giebt
829 1681 894 1714 der

151 1729 280 1764 zweite
300 1742 344 1764 zu
364 1729 448 1764 (19111
466 1732 585 1764 ersten
600 1728 658 1764 die
673 1728 891 1772 Erkliirung,

151 1777 276 1811 indem
314 1777 372 1811 die
408 1776 536 1811 Worte
573 1786 638 1810 ‘nec
672 1787 736 1820 per
775 1776 891 1819 ipsum

152 1825 250 1858 stetit
278 1835 317 1857 so
342 1823 570 1858 aufzufassen
596 1822 693 1865 sind,
727 1823 808 1857 dass
835 1834 894 1866 ge-

154 1873 237 1915 sagt
268 1871 376 1912 winl,
411 1882 447 1905 es
478 1870 573 1905 habe
606 1870 690 1905 dein
720 1869 895 1905 Corvinus

154 1929 250 1952 zwar
275 1918 377 1952 nicht
397 1917 542 1952 Urtheil
562 1917 636 1951 und
656 1915 894 1957 Geschinack,

154 1965 255 2000 wohl
297 1965 385 2000 aber
428 1964 535 1999 Kmft
578 1964 653 1998 und
697 1963 896 2008 Fahigkeit

155 2012 312 2057 gefehlt,
354 2011 468 2046 daher
505 2011 586 2046 eine
624 2010 793 2055 Anklage
832 2010 896 2044 ibn

153 2059 259 2094 nicht
289 2058 419 2093 treffen
454 2058 563 2092 kann.
602 2057 730 2093 Genau
762 2057 896 2092 ebenso

155 2106 309 2142 urtheilt
339 2107 438 2150 Aper
470 2105 560 2140 iiber
591 2105 649 2140 die
682 2105 895 2139 Beredsain-

154 2153 234 2188 keit
259 2153 322 2188 des
348 2152 482 2189 Calvus
508 2163 587 2197 cap.
616 2156 670 2186 21.

203 2204 268 2235 aut
293 2201 409 2236 animi
434 2203 499 2234 aut
517 2200 657 2243 iwyem'z'
678 2198 791 2243 vergi.
814 2210 841 2233 c.
867 2203 896 2232 1.

155 2247 334 2283 Corvinus
371 2247 492 2282 besass
524 2246 646 2281 wedei·
677 2246 747 2280 (1911
780 2245 897 2288 Muth,

156 2295 221 2329 das
234 2295 553 2330 Selbstvertrauen
567 2293 642 2328 und
657 2293 715 2328 die
727 2293 896 2337 Energie,

157 2342 215 2377 die
260 2342 325 2377 (191·
368 2341 467 2376 Rede
509 2340 781 2384 Lebendigkeit
825 2339 898 2373 und

156 2389 274 2424 Feuer
299 2389 486 2424 verleihen
519 2389 586 2431 (vis
620 2387 767 2430 animi),
804 2386 899 2421 noch

157 2436 216 2471 die
252 2435 522 2481 schopferische
554 2434 655 2469 Gabe
688 2434 752 2469 der
784 2434 897 2468 Erfin-

157 2483 259 2528 dung
300 2484 370 2525 (vis
414 2482 579 2527 ae'tzyem‘i),
625 2482 720 2517 ohne
760 2481 898 2515 welche

156 2530 450 2565 iiberraschende
482 2529 714 2573 &Virkungen
746 2532 897 2570 unmog-

158 2577 234 2611 lich
283 2577 374 2612 sind.
421 2597 462 2601 ——
513 2576 696 2611 Aehnlieh
745 2575 899 2610 urtheilt

159 2624 283 2666 Quint.
313 2629 366 2666 10,
399 2629 426 2666 1,
457 2628 538 2658 113:
565 2623 617 2658 At
644 2623 819 2657 Messalla
845 2622 899 2655 νί-

157 2672 258 2706 tz'dus
289 2675 320 2706 et
351 2671 530 2705 candidus
562 2674 594 2705 et
618 2670 771 2714 quodam
797 2669 899 2703 modo

154 2718 363 2762 praeferens
407 2719 446 2751 in,
490 2718 639 2752 [licendo
676 2717 897 2752 mobilitatem

159 2776 279 2806 suam,
316 2765 455 2799 viribus
490 2766 618 2800 minor.
665 2764 753 2799 ‹scil
789 2774 899 2808 quam

160 2813 329 2855 Asinius.)

966 1680 1129 1716 sondere.

1008 1753 1197 1795 postquam
1237 1759 1264 1784 c.
1303 1748 1467 1794 plusqpf.
1510 1747 1634 1793 hiiufig
1670 1747 1709 1782 in

967 1798 1038 1832 den
1076 1796 1321 1831 historischen
1359 1795 1561 1838 Schriften,
1606 1807 1634 1829 Z.
1667 1794 1707 1829 B.

967 1845 1052 1879 hist.
1074 1849 1105 1887 1,
1127 1848 1188 1879 26:
1211 1847 1401 1888 postquam¹
1420 1843 1599 1888 volgatum
1621 1844 1709 1882 erat,

967 1892 1018 1926 ini
1039 1891 1207 1935 dialogus
1226 1891 1321 1925 auch
1341 1901 1418 1935 cap.
1440 1893 1501 1925 38:
1517 1891 1710 1934 postquam

970 1960 1012 1964 —
1034 1941 1242 1983 pacat-erat.

1017 2010 1132 2044 lentus
1167 2012 1217 2044 cst
1256 2009 1296 2042 in
1325 2007 1544 2051 principiis,
1581 2006 1709 2050 lonqus

969 2057 1010 2091 in
1034 2056 1324 2096 narrationibus,
1349 2054 1464 2099 vergl.
1492 2065 1521 2088 c.
1550 2057 1609 2088 19:
1634 2053 1709 2088 iam

969 2114 1050 2139 vcro
1070 2104 1179 2147 lonya
1189 2103 1461 2147 principiorum
1468 2100 1709 2145 praeparatio

969 2154 1001 2186 et
1026 2150 1254 2185 oraro-ationis
1279 2150 1350 2185 alte
1373 2148 1525 2193 repetita
1549 2147 1665 2183 series,

1017 2210 1152 2245 otiosus
1177 2208 1292 2253 vei-gl.
1320 2219 1349 2242 c.
1379 2211 1433 2243 18.

1018 2279 1095 2303 cum
1134 2268 1289 2313 quodam
1322 2266 1473 2307 lumine,
1511 2264 1580 2300 mit
1611 2264 1711 2299 einer

972 2316 1216 2360 gliinzenden,
1251 2312 1569 2348 iiberraschenden
1600 2311 1711 2346 Wen-

971 2363 1082 2407 dung.
1123 2362 1249 2404 Quint.
1282 2365 1319 2404 8,
1353 2364 1391 2403 5,
1426 2363 1484 2394 13;
1522 2359 1583 2393 sed
1613 2367 1711 2393 nunc

971 2411 1076 2445 aliud
1112 2410 1253 2451 volunt,
1290 2411 1331 2442 ut
1367 2407 1482 2442 omnis
1516 2415 1640 2441 sensus
1670 2405 1712 2440 in

971 2457 1042 2500 fine
1067 2457 1238 2491 sermonis
1262 2455 1401 2497 feriat
1426 2464 1583 2488 aurem.

1018 2530 1050 2562 et
1075 2527 1179 2562 velut.
1219 2525 1286 2559 Die
1313 2523 1590 2559 Beredsainkeit
1620 2521 1712 2556 wird

973 2576 1092 2609 zuerst
1128 2573 1197 2608 init
1232 2573 1351 2607 einein
1384 2570 1575 2613 Gebaude,
1614 2569 1712 2604 danii

973 2622 1041 2655 mit
1085 2621 1169 2655 dein
1211 2619 1446 2663 Hausgeriith
1489 2617 1711 2662 verglichen.

973 2668 1085 2703 Beidc
1112 2666 1329 2711 Vei-gleiche
1362 2665 1483 2700 haben
1514 2663 1712 2699 denselbeu

973 2715 1162 2760 logischen
1186 2713 1335 2754 Werth;
1366 2712 1430 2747 der
1455 2713 1549 2747 erste
1574 2721 1649 2746 war
1674 2710 1711 2744 in

973 2762 1162 2796 {ihnlichcr
1181 2760 1454 2804 Veranlassung
1478 2759 1591 2793 sehon
1616 2768 1644 2792 c.
1666 2760 1712 2791 20

973 2814 1062 2844 extr.
1090 2807 1331 2852 angewcndet
1357 2806 1515 2841 worden.

1731 564 1778 693 ³⁶³le
