1828 3044
757 45 1047 87 ,23-

125 155 200 194 =diu
230 164 414 193 accusare
445 158 634 197 oratores,
666 163 782 203 quam
804 151 908 202 Aper
937 149 1162 189 laudaverat
1193 148 1290 200 (sore
1321 150 1425 189 enim
1455 148 1682 188 arbitrabar

130 215 176 250 ut
205 222 227 249 a
256 208 478 248 laudatione
507 220 642 247 eorum
673 207 875 257 digressus
906 206 1148 245 detrectaret
1169 212 1301 256 poetas
1323 212 1439 256 atque
1461 206 1677 244 carminum

129 266 303 305 studium
344 262 632 316 prosterneret)
672 268 754 302 arte
792 262 959 314 quadam
997 263 1207 312 mitigavit,
1247 261 1498 301 concedendo
1529 263 1579 300 iis
1609 263 1678 313 qui

130 333 267 360 causas
297 333 413 371 agere
446 333 522 359 non
554 324 734 370 possent,
766 323 809 357 ut
839 330 974 357 versus
1004 318 1193 357 facerent.
1245 330 1316 369 ego
1347 324 1476 357 autem
1508 318 1608 356 sicut
1637 318 1677 356 in

126 379 261 416 causis
292 377 455 427 agendis
485 377 642 415 efficere
674 374 819 426 aliquid
851 380 890 412 et
921 376 1015 413 eniti
1045 374 1210 412 fortasse
1242 386 1420 425 possum,
1452 375 1506 412 ita
1537 374 1677 412 recita-

130 434 236 472 tione
268 433 559 482 tragoediarum
592 437 630 470 et
659 431 815 481 ingredi
847 430 989 469 famam
1021 431 1244 481 auspicatus
1274 442 1372 475 sum,
1405 442 1495 468 cum
1517 429 1676 480 quidem

130 490 349 540 imperante
381 488 534 527 Nerone
570 488 790 539 improbam
822 491 861 524 et
890 487 1109 526 studiorum
1141 498 1294 538 quoque
1325 498 1434 525 sacra
1467 485 1678 536 profanan-

127 551 210 584 tem
241 545 385 583 Vatinii
421 545 635 595 potentiam
675 544 798 593 fregi,
837 548 874 582 et
913 543 1027 581 bodie
1067 544 1099 580 si
1131 542 1225 591 quid
1258 540 1337 593 [in]
1370 541 1485 580 nobis
1515 542 1678 580 notitiae

123 614 176 640 ⁴ac
217 601 386 639 nominis
426 605 503 649 est,
547 601 669 649 magis
700 599 871 638 arbitror
902 600 1123 638 carminum
1154 610 1268 649 quam
1301 599 1519 636 orationum
1551 596 1676 647 gloria

126 662 300 708 partum.
345 668 389 695 ac
419 657 494 694 iam
526 668 588 694 me
619 656 834 705 deiungere
858 668 877 694 a
901 656 1049 694 forensi
1072 654 1206 693 labore
1228 654 1426 704 constitui,
1460 665 1532 692 nec
1554 654 1676 692 comi-

129 711 232 751 tatus
264 714 358 750 istos
388 718 427 750 et
457 723 639 762 egressus
669 718 734 750 aut
758 711 1018 765 frequentiam
1041 710 1295 749 salutantium
1317 711 1568 760 concupisco,
1600 721 1678 747 non

125 769 255 818 magis
284 780 399 820 quam
439 780 528 807 aera
567 773 606 807 et
637 769 848 818 imagines,
890 779 987 820 quae
1019 768 1135 805 etiam
1168 778 1229 804 me
1260 765 1417 804 nolente
1447 767 1487 803 in
1519 765 1677 803 domum

129 836 256 863 meam
301 826 545 875 irruperunt.
597 837 685 863 nam
732 831 877 865 statum
923 824 1125 874 hucusque
1165 834 1210 860 ac
1247 824 1500 861 securitatem
1538 821 1678 860 melius

124 882 354 919 *innocentia
395 888 508 919 tueor
545 893 660 932 quam
693 881 938 933 eloquentia,
980 891 1053 917 nec
1083 890 1244 921 vereor,
1285 891 1333 917 ne
1365 878 1459 916 mihi
1491 888 1676 927 umquam

126 936 247 975 verba
282 937 320 975 in
353 942 490 975 senatu
522 938 598 975 nisi
630 949 700 987 pro
731 938 895 977 alterius
926 936 1154 975 discrimine
1178 934 1355 972 facienda
1379 936 1469 973 sint.
1516 945 1676 972 nemora
1698 934 1748 973 12

129 1004 223 1031 vero
254 998 293 1030 et
323 992 400 1031 luci
430 998 468 1031 et
497 998 690 1031 secretum
715 994 855 1044 ipsum.
888 992 992 1042 quod
1014 993 1116 1041 Aper
1138 990 1381 1042 increpabat,
1415 995 1559 1028 tantam
1582 989 1678 1028 mihi

127 1048 299 1087 afferunt
336 1049 592 1100 voluptatem,
636 1054 678 1088 ut
709 1051 811 1088 inter
842 1050 1077 1101 praecipuos
1108 1049 1327 1086 carminum
1358 1046 1510 1085 fructus
1542 1057 1678 1084 nume-

129 1117 227 1149 rem,
260 1105 361 1156 quod
394 1117 469 1143 non
502 1106 542 1143 in
575 1106 742 1156 strepitu
773 1107 882 1145 urhis
912 1117 983 1143 nec
1015 1104 1175 1143 sedente
1207 1109 1294 1142 ante
1317 1104 1458 1141 ostium
1482 1102 1678 1152 litigatore

131 1172 202 1199 nec
247 1162 352 1199 inter
390 1161 527 1199 sordes
566 1173 609 1199 ac
648 1161 828 1200 lacrimas
866 1172 1026 1200 reorum
1065 1165 1373 1210 componuntur,
1421 1158 1490 1196 sed
1529 1157 1680 1196 secedit

128 1218 285 1255 animus
330 1218 368 1255 in
408 1216 491 1255 loca
531 1230 627 1268 pura
668 1223 782 1268 atque
824 1218 1046 1256 innocentia
1085 1216 1306 1266 fruiturque
1346 1213 1506 1253 sedibus
1545 1215 1678 1252 sacris.

126 1272 227 1311 haec
265 1270 512 1324 eloquentiae
551 1271 786 1324 primordia,
829 1275 923 1313 haec
956 1272 1193 1324 penetralia;
1234 1272 1306 1310 hoc
1338 1273 1508 1322 primum
1542 1269 1678 1308 habitu

123 1328 316 1379 cultuque
361 1329 632 1367 commendata
674 1329 906 1368 mortalibus
945 1330 983 1367 in
1023 1329 1086 1367 illa
1125 1333 1229 1367 casta
1268 1333 1306 1366 et
1345 1326 1461 1365 nullis
1500 1331 1678 1366 contacta

128 1385 233 1423 vitiis
263 1389 421 1435 pectora
454 1385 628 1427 influxit;
661 1387 717 1423 sic
749 1386 906 1425 oracula
929 1384 1202 1436 loquebantur.
1250 1396 1338 1422 nam
1362 1383 1538 1421 lucrosae
1561 1381 1678 1421 buius

176 1509 400 1543 laudaverat.
437 1509 510 1543 Das
529 1509 866 1555 plusquamperfec-

128 1557 210 1590 tum
240 1555 291 1590 ist
321 1568 390 1590 nur
421 1566 460 1590 so
492 1568 535 1590 zu
567 1556 751 1597 erklaren,
785 1558 867 1592 dass

129 1602 195 1637 der
236 1602 575 1647 beabsichtigte
618 1603 766 1648 Angriff
805 1605 871 1639 auf

125 1649 189 1684 die
214 1650 359 1684 Redner
390 1649 444 1684 als
475 1650 555 1684 eine
581 1649 716 1685 bereits
741 1651 778 1685 in
804 1652 868 1685 der

127 1696 420 1741 Ausfiihrung
453 1696 709 1741 begriffene
744 1698 866 1732 Hand—

127 1743 220 1788 lung
256 1743 459 1788 aufgefasst
488 1744 595 1786 winl,
634 1756 706 1779 von
736 1745 800 1779 der
831 1757 868 1780 es

127 1790 258 1833 heisst‚
284 1790 366 1824 dass
391 1790 450 1824 ihr
473 1791 588 1835 Apers
614 1791 780 1827 Lobrede
807 1792 871 1826 auf

126 1837 189 1872 die
214 1837 360 1872 Redner
384 1838 600 1882 voranging.

177 1887 209 1919 et
230 1885 374 1929 inqredi
392 1885 529 1927 famam
548 1886 759 1929 auspicatus
777 1897 868 1928 sum,

130 1931 191 1966 ein
214 1931 464 1976 beispielloser
486 1931 734 1976 Pleonasmus‚
762 1945 867 1967 wenn

130 1978 190 2013 die
215 1978 519 2023 Ueberlieferung
543 1980 758 2014 unversehrt
784 1980 842 2014 ist.

185 2024 363 2061 Vatinius,
381 2036 456 2060 war
480 2026 580 2060 einer
599 2026 664 2061 der
682 2027 865 2061 verrufen-

129 2073 210 2107 sten
242 2072 462 2117 Giinstl'mge
499 2073 562 2107 des
593 2074 702 2108 Nero.
748 2074 869 2109 Ueber

126 2119 256 2154 diesen
287 2130 434 2164 grossen
459 2119 588 2164 Erfolg
619 2120 681 2155 des
713 2121 867 2165 jugend-

126 2165 252 2201 lichen
275 2166 462 2201 Maternus
486 2166 533 2201 ist
558 2167 678 2201 nichts
706 2168 868 2203 Niiheres

129 2212 305 2248 bekannt.

177 2271 201 2294 a
224 2260 361 2303 forensi
379 2261 509 2303 labore,
536 2261 649 2305 vergl.
672 2260 744 2296 Cic.
766 2262 867 2296 Brut.

130 2310 187 2349 67,
214 2311 298 2342 236:
331 2308 522 2342 laborem
546 2308 761 2351 forensem
787 2310 868 2343 cliu-

131 2354 205 2388 tius
228 2365 303 2388 ‘mm
327 2355 421 2388 tulit.

177 2401 264 2436 istos
300 2402 471 2437 verweist
507 2401 572 2436 auf
607 2413 684 2447 cap.
718 2406 756 2437 6:
795 2404 868 2438 iam

129 2458 212 2482 vero
254 2449 318 2492 qui
360 2452 561 2493 toyatorum
605 2450 795 2484 comitatus
837 2454 869 2484 et

131 2505 309 2539 emmaus,-
345 2507 417 2530 von
454 2496 525 2530 den
559 2507 644 2531 aera
675 2497 749 2530 und
782 2498 868 2531 ima-

128 2542 231 2586 gines
254 2542 359 2577 redet
382 2542 481 2587 Aper
507 2554 536 2577 c.
563 2547 594 2578 8.

178 2589 369 2633 hucusque.
417 2590 459 2624 In
496 2590 613 2624 dieser
650 2590 869 2635 Bedeutung

132 2635 181 2678 (d.
203 2636 239 2670 h.
265 2636 336 2670 mit
352 2636 595 2682 Anwendung
614 2637 679 2671 auf
695 2637 754 2672 die
775 2638 867 2674 Zeit)

130 2681 247 2717 findet
277 2683 354 2717 sich
386 2683 565 2728 hucusque
590 2685 692 2718 sonat
716 2697 783 2719 nur
808 2685 868 2719 bei

127 2729 204 2764 den
229 2731 414 2774 sptttesten
440 2730 737 2766 Schriftstellern.

179 2777 387 2811 innocentia
402 2788 509 2821 quam
521 2778 733 2822 eloquentia,
752 2778 866 2823 vergi.

941 1510 1078 1554 Nepos,
1111 1509 1221 1543 Arist.
1252 1513 1286 1542 1:
1320 1511 1454 1553 quanto
1486 1510 1680 1541 antestaret

941 1558 1140 1601 eloquentia
1165 1556 1401 1590 innocentiae.
1423 1575 1469 1580 -——
1491 1555 1680 1589 Maternus

940 1604 1020 1638 halt
1055 1615 1091 1638 es
1127 1603 1204 1637 also
1239 1603 1298 1636 fiir
1331 1601 1561 1646 unmoglich,
1597 1601 1679 1635 dass

940 1651 1017 1684 ihm
1056 1650 1116 1684 bei
1147 1650 1265 1685 seiner
1295 1649 1374 1684 rein
1406 1648 1680 1683 menschlichen

942 1698 1111 1732 Tendenz
1144 1708 1208 1731 aus
1235 1697 1359 1731 seinen
1384 1696 1619 1740 Dichtungen
1640 1695 1679 1740 je

941 1745 1000 1779 ein
1037 1744 1173 1779 Unheil
1215 1744 1423 1778 erwachsen
1460 1742 1597 1784 Minue,
1642 1754 1680 1777 er

942 1791 1105 1826 fiirchtet
1147 1791 1264 1833 nicht,
1306 1790 1438 1835 jemals
1478 1790 1529 1823 im
1568 1789 1681 1824 Senat

940 1839 1052 1873 reden
1072 1851 1115 1872 zu
1134 1842 1279 1872 miissen
1299 1848 1422 1871 ausser
1435 1837 1486 1871 im
1502 1837 1679 1871 Interesse

942 1885 1040 1920 eines
1065 1885 1224 1923 Andern,
1251 1885 1310 1919 die
1336 1884 1438 1919 beate
1458 1883 1679 1918 Rechtferti-

941 1944 1058 1977 gung,
1103 1932 1162 1966 die
1206 1932 1271 1966 der
1313 1931 1500 1966 Ver-fasser
1542 1931 1680 1965 seinem

940 1979 1106 2014 Freunde
1138 1979 1258 2023 geben
1288 1979 1427 2013 konnte
1459 1977 1586 2022 (vergi.
1620 1977 1680 2012 die

939 2026 1154 2069 Einleitung
1179 2038 1212 2070 p.
1230 2027 1275 2069 6).
1313 2026 1418 2060 Denn
1436 2037 1504 2059 nur
1523 2025 1588 2059 der
1607 2024 1680 2059 Un-

941 2073 1131 2118 schuldige
1181 2074 1231 2107 ist
1280 2072 1447 2117 zugleich
1497 2071 1565 2106 frei
1608 2082 1681 2106 von

940 2120 1087 2155 Furcht.
1121 2141 1163 2145 —
1195 2121 1376 2164 hueusque
1412 2119 1500 2153 aber
1537 2118 1682 2153 euthalt

940 2178 1025 2201 vom
1047 2167 1277 2211 Standpunct
1302 2167 1365 2201 des
1386 2166 1593 2201 Verfassers
1615 2176 1680 2200 aus

941 2214 1022 2249 eine
1065 2214 1316 2257 wehmiithige
1353 2213 1580 2257 Andeutung
1616 2212 1683 2247 cler

940 2261 1077 2296 letzten
1104 2261 1313 2296 Schicksale
1340 2261 1403 2295 des
1428 2260 1624 2294 Maternus.

987 2309 1210 2352 increpabat,
1236 2319 1265 2343 c.
1292 2312 1312 2341 9
1339 2318 1399 2342 am
1424 2307 1538 2341 Ende.

988 2356 1056 2390 Die
1091 2355 1218 2389 VVorte
1255 2355 1394 2389 sedente
1431 2357 1513 2388 ante
1550 2354 1681 2387 ostium

941 2403 1122 2447 litigatore
1141 2401 1304 2437 driicken
1324 2400 1489 2436 dasselbe
1509 2411 1584 2443 aus,
1610 2400 1680 2435 wie

941 2449 1005 2484 das
1041 2449 1249 2483 horazische
1275 2449 1387 2483 Atria
1411 2451 1610 2482 servantem
1635 2468 1679 2473 —-

941 2497 1102 2531 clientem
1127 2496 1232 2540 (Epp.
1262 2500 1291 2537 1,
1321 2500 1352 2538 5,
1379 2497 1448 2538 31).

988 2547 1021 2578 et
1051 2544 1174 2577 nullis.
1220 2546 1251 2577 et
1281 2542 1396 2577 findet
1427 2542 1504 2576 sich
1534 2541 1586 2576 im
1619 2541 1679 2575 sil-

941 2590 1079 2625 bernen
1092 2590 1223 2624 Latein
1242 2589 1345 2624 nicht
1363 2589 1480 2624 selten
1498 2599 1564 2623 vor
1581 2588 1681 2623 einer

940 2637 1137 2681 Negation.
1171 2647 1248 2681 cap.
1265 2640 1326 2671 28:
1347 2640 1378 2671 et
1393 2636 1506 2670 nullis
1513 2636 1680 2680 pravita-

940 2685 1036 2718 tibus
1072 2685 1219 2718 detorta.
1268 2684 1355 2728 Agr.
1397 2687 1454 2718 16:
1501 2686 1533 2717 et
1569 2682 1682 2716 nullis

940 2732 1079 2765 delictis
1104 2731 1252 2765 invisus.

986 2778 1095 2812 huius
1121 2778 1154 2812 d.
1181 2778 1215 2812 h.
1243 2788 1315 2822 qua
1340 2777 1448 2812 hodie
1474 2778 1637 2811 utuntur.
