1828 3044
765 47 1058 89 —15—

132 154 240 195 velut
269 155 439 207 quadam
469 160 661 208 perpetua
693 155 868 206 potentia
898 165 942 193 ac
974 157 1168 204 potestate
1198 153 1398 193 munitus?
1438 155 1551 193 cuius
1570 156 1630 194 vis
1651 160 1690 194 et

134 211 280 251 utilitas
309 210 430 259 rebus
460 222 652 262 prospere
682 210 898 250 fluentibus
927 209 1094 248 aliorum
1125 210 1306 261 perfugio
1328 215 1367 249 et
1388 210 1510 250 tutela
1531 210 1686 250 intelle-

131 268 260 319 gitur;
305 268 368 306 sin
407 269 614 319 proprium
652 266 872 317 periculum
912 265 1131 316 increpuit,
1170 276 1249 305 non
1290 264 1451 305 hercule
1488 265 1609 306 lorica
1649 271 1688 305 et

131 322 286 374 gladius
323 324 365 362 in
401 325 487 363 acie
515 324 669 362 firmius
698 323 989 362 munimentum
1021 333 1137 372 quam
1168 334 1238 361 reo
1270 328 1308 360 et
1336 322 1576 373 periclitanti
1607 322 1687 361 elo·

130 381 292 431 quentia
322 379 565 431 praesidium
595 378 712 418 simul
742 391 787 418 ac
817 379 953 423 telum,
986 389 1062 429 quo
1092 388 1344 429 propugnare
1375 380 1526 429 pariter
1557 383 1596 418 et
1628 380 1716 435 ing

130 446 286 474 cessere
324 437 407 474 sive
447 437 488 474 in
518 435 663 474 iudicio
695 436 776 474 sive
807 436 848 473 in
879 439 1017 474 senatu
1047 435 1130 473 sive
1161 434 1264 485 apud
1295 435 1517 485 principem
1547 435 1686 485 possis.
1705 449 1721 488 ,χ

130 491 226 541 quid
257 491 361 531 aliud
390 490 543 530 infestis
573 490 753 542 patribus
783 502 910 542 nuper
939 490 1086 542 Eprius
1115 489 1322 530 Marcellus
1352 502 1469 542 quam
1500 491 1686 543 eloquen-

129 548 223 586 tiam
253 559 363 586 suam
394 547 605 598 opposuit?
655 559 730 598 qua
761 549 962 586 accinctus
983 552 1022 586 et
1045 547 1176 585 minax
1198 546 1387 586 disertam
1410 547 1583 597 quidem,
1617 547 1686 586 sed

128 603 426 642 inexercitatam
466 608 506 642 et
545 603 737 642 eiusmodi
779 604 1040 642 certaminum
1081 603 1221 642 rudem
1259 601 1412 642 Helvidi
1452 603 1686 655 sapientiam

130 657 255 698 elusit.
302 659 416 710 plura
448 659 496 698 de
526 659 695 698 utilitate
717 671 797 698 non
819 659 919 704 dico,
953 660 1017 698 cui
1038 661 1143 711 parti
1164 659 1324 698 minime
1346 659 1685 699 contradicturum

127 714 348 754 Maternum
379 727 509 754 meum
542 715 729 754 arbitror.

240 771 298 810 Ad
329 771 568 823 voluptatem
599 773 794 811 oratoriae
827 771 1074 821 eloquentiae
1106 776 1278 816 transeo,
1318 773 1432 811 cuius
1463 771 1727 812 iucunditase

129 838 206 866 non
244 839 322 866 uno
359 828 488 879 aliquo
526 832 744 872 momento,
785 827 854 867 sed
892 827 1076 867 omnibus
1114 825 1275 879 [prope]
1317 827 1456 867 diebus
1487 839 1531 867 ac
1561 839 1686 879 prope

129 882 314 922 omnibus
345 884 454 923 horis
484 885 689 935 contingit.
733 884 827 936 quid
850 885 957 923 enim
979 884 1134 923 dulcius
1154 884 1283 923 libero
1306 889 1344 922 et
1363 884 1534 935 ingenuo
1556 885 1686 923 animo

129 944 169 978 et
214 939 264 978 ad
309 940 527 991 voluptates
564 941 747 980 honestas
785 945 897 985 nato,
941 952 1056 992 quam
1094 940 1227 979 videre
1265 938 1420 992 plenam
1460 951 1615 990 semper
1648 944 1687 979 et

126 995 376 1046 frequentem
418 996 578 1036 domum
617 1008 726 1036 suam
769 1008 967 1036 concursu
1005 996 1416 1048 splendidissimorum
1456 996 1685 1036 hominum?

126 1051 246 1103 idque
267 1054 370 1092 scire
391 1064 469 1091 non
492 1054 695 1104 pecuniae,
719 1065 796 1092 non
819 1051 991 1097 orbitati,
1015 1065 1092 1093 non
1115 1053 1233 1092 officii
1254 1052 1418 1093 alicuius
1436 1053 1684 1092 administra-

126 1110 246 1153 tioni,
286 1108 353 1148 sed
393 1108 470 1148 sibi
500 1110 575 1161 ipsi
607 1109 718 1149 dari?
763 1111 871 1161 ipsos
902 1107 996 1161 quin
1028 1110 1149 1148 immo
1181 1109 1301 1149 orbos
1332 1115 1370 1149 et
1398 1107 1616 1161 locupletes
1648 1113 1687 1148 et

127 1169 312 1216 potentes
350 1166 484 1204 venire
522 1166 756 1217 plerumque
794 1166 841 1205 ad
882 1167 1065 1205 iuvenem
1097 1171 1135 1204 et
1165 1176 1404 1216 pauperem,
1446 1170 1489 1205 ut
1519 1170 1585 1204 aut
1615 1177 1684 1205 sua

941 1328 1021 1360 sten
1054 1325 1401 1370 Beschuldigungen
1437 1318 1555 1370 gregem
1588 1326 1682 1360 Mar-

941 1373 1054 1407 cellus
1079 1384 1154 1408 vor.
1193 1373 1336 1412 Dieser,
1371 1375 1510 1407 anstatt
1535 1385 1577 1407 zu
1603 1374 1683 1407 ant-

939 1422 1097 1463 worten,
1137 1421 1242 1455 stand
1281 1420 1457 1465 plotzlich
1491 1420 1569 1463 auf,
1609 1420 1683 1454 und

173 1325 278 1359 rebus
309 1335 483 1368 prospere
519 1326 714 1369 fluentibus
754 1326 865 1369 vei-gl.

126 1371 199 1407 Cic.
220 1371 266 1406 de
286 1371 344 1406 off.
368 1376 397 1415 1,
420 1376 480 1406 26:
501 1373 542 1406 in
560 1373 665 1407 rebus
679 1374 867 1417 prosperis

125 1422 158 1454 et
177 1419 226 1454 ad
244 1419 462 1453 voluntatem
480 1422 641 1454 nostram
660 1421 865 1463 fluentibus.

172 1465 265 1501 Dem
296 1466 337 1500 iu
369 1467 445 1500 acie
476 1467 680 1511 entspricht
711 1468 749 1501 in
781 1468 865 1502 (lem

126 1513 280 1548 zweiten
306 1512 436 1548 Gliede
462 1514 576 1557 nicht,
603 1514 674 1549 wie
699 1525 785 1549 man
812 1526 864 1549 er—

125 1561 266 1595 warten
291 1560 414 1602 sollte,
442 1561 482 1594 iu
507 1561 599 1603 foro,
625 1561 782 1596 sondern
808 1572 866 1596 reo

125 1610 158 1642 et
187 1607 434 1651 periclitanti,
472 1608 646 1643 w'zthrend
684 1609 798 1643 lorica
835 1612 867 1643 et

123 1654 272 1698 yladius
320 1654 444 1689 seinen
493 1654 616 1689 vollen
661 1655 865 1700 Gegensatz

123 1700 228 1736 nicht
251 1701 291 1735 in
316 1701 527 1746 eloquentia,
554 1702 710 1737 sondern
737 1705 810 1737 erst
828 1703 865 1737 in

118 1749 347 1792 praesidium
383 1749 492 1783 simul
529 1760 572 1783 ae
603 1750 707 1784 telum
740 1750 864 1793 findet,

124 1795 209 1830 dem
251 1795 329 1830 sich
373 1796 639 1840 entspreehend
684 1797 748 1832 das
779 1808 865 1841 pro-

117 1852 289 1887 pugnare
307 1844 452 1886 pariter
479 1847 511 1878 et
532 1844 702 1878 incessere
720 1844 863 1889 anstigt.

170 1890 242 1924 sive
267 1890 308 1923 in
333 1890 480 1924 iudicio.
519 1891 589 1925 Mit
615 1891 753 1926 diesem
773 1893 862 1926 Aus-

124 1935 240 1971 druck
271 1936 352 1971 sind
383 1937 580 1972 besonders
605 1938 664 1973 die
691 1938 862 1973 Centum-

123 1983 385 2028 viralgerichte
410 1985 583 2029 gemeint.
622 1985 744 2020 Ueber
763 1986 862 2021 diese

122 2030 199 2065 und
241 2030 300 2065 die
344 2030 543 2076 folgenden
581 2032 708 2067 WVorte
747 2033 861 2078 vergl.

124 2087 168 2112 ea
195 2106 202 2112 .
232 2081 261 2112 7.

167 2089 313 2169 pEprius
339 2124 557 2168 Illarcellus,
584 2126 647 2161 der
671 2127 862 2162 vermfenc

122 2170 322 2216 Giinstling
353 2171 415 2206 des
447 2173 561 2215 Nero,
598 2173 768 2208 erw’irkte
800 2174 866 2208 auf

121 2218 310 2254 Anstiften
340 2219 457 2254 dieses
489 2220 635 2255 Kaisers
665 2221 717 2254 im
751 2220 864 2255 Senat

122 2265 187 2300 das
219 2265 478 2301 Todesurt-heil
507 2267 622 2302 wider
654 2267 724 2302 den
756 2268 864 2303 edlen

120 2312 256 2348 Paetus
264 2313 507 2348 Thraseaund
515 2314 863 2359 dasVerbannungs-

122 2359 248 2395 decret
270 2360 386 2394 wider
411 2360 539 2395 dessen
561 2361 864 2407 Schwiegersohn

120 2405 314 2442 Helvidius
332 2407 486 2443 Priscus.
525 2408 718 2444 Nachdem
744 2409 864 2444 dieser

120 2455 229 2488 unter
249 2453 368 2489 Galba
392 2454 468 2489 und
486 2455 661 2490 Vitellius
686 2456 763 2491 sich
783 2468 861 2491 ver-

121 2500 271 2546 geblich
307 2503 547 2548 angestrengt
583 2502 707 2547 hatte,
747 2503 862 2538 durch

120 2547 360 2583 wiederholte
392 2548 589 2594 Anklagen
620 2561 740 2595 gegen
765 2551 860 2585 Mar-

121 2594 235 2629 cellus
267 2594 338 2629 den
368 2595 449 2630 Tod
486 2597 602 2631 seines
635 2597 859 2643 Schwieger-

120 2643 243 2676 vaters
286 2654 329 2676 zu
370 2643 523 2687 riichen,
567 2645 642 2679 ‘crat
679 2656 718 2679 er
754 2648 862 2680 unt-er

120 2687 326 2733 Vespasian
367 2700 440 2724 von
477 2691 620 2726 Neuem
663 2691 742 2735 auf,
786 2692 861 2726 und

119 2734 274 2770 brachte
307 2736 346 2770 in
381 2736 481 2772 einer
516 2737 790 2784 Senatssitzung
823 2740 862 2774 in

121 2781 344 2828 Gegenwart
363 2783 426 2818 des
439 2783 585 2820 Kaisers
599 2785 658 2820 die
673 2786 861 2831 gehassig-

940 1469 1060 1511 sagte,
1096 1467 1150 1502 als
1176 1467 1222 1502 ob
1249 1478 1287 1502 er
1313 1467 1372 1502 die
1398 1467 1684 1512 Versammlung

939 1514 1123 1550 verlassen
1137 1515 1273 1558 wollte,
1290 1527 1332 1549 zu
1346 1514 1556 1549 Helvidius:
1578 1516 1681 1558 imus,

941 1562 1077 1606 Prisce,
1107 1565 1138 1596 et
1165 1562 1400 1606 relinquimus
1426 1563 1494 1596 tibi
1517 1565 1684 1596 senatum

940 1612 1059 1643 tuum:
1092 1620 1202 1653 regma
1227 1613 1464 1653 praesente
1496 1609 1683 1644 Caesare

940 1656 1040 1697 (Tac.
1062 1656 1154 1690 Hist.
1176 1661 1208 1698 4,
1229 1659 1300 1700 43).
1340 1657 1380 1690 ln
1401 1657 1465 1691 der
1484 1656 1683 1701 folgenden

941 1703 1094 1747 Sitzung
1113 1703 1263 1737 deutete
1284 1703 1348 1738 der
1368 1704 1495 1738 Kaiser
1515 1715 1572 1745 an,
1599 1704 1681 1738 dass

939 1760 978 1784 er
1015 1751 1118 1785 nicht
1155 1761 1342 1795 gesonnen
1376 1751 1444 1792 sei,
1482 1751 1557 1785 alte
1592 1750 1680 1786 Ver-

939 1798 1137 1841 gehungen
1175 1810 1217 1831 zu
1255 1797 1451 1832 bestrafen.
1498 1798 1546 1832 So
1581 1798 1681 1832 blieb

939 1844 1033 1879 auch
1058 1844 1177 1879 dieser
1197 1845 1306 1879 let-zte
1327 1845 1491 1880 Versuch
1511 1845 1575 1880 des
1594 1845 1681 1879 Hel-

937 1891 1057 1926 vidius
1092 1903 1211 1936 gegen
1237 1892 1433 1927 Marcellus
1464 1893 1558 1927 ohne
1584 1892 1680 1927 Wir-

937 1938 1050 1983 kung.

986 1996 1059 2019 uon
1092 1996 1166 2020 uuo
1202 1986 1325 2031 aliquo
1359 1989 1549 2027 momento,
1584 1986 1681 2021 denn

937 2032 1173 2077 Dichtungen
1205 2033 1360 2077 bringen
1391 2033 1475 2068 dem
1508 2034 1559 2068 sic
1592 2034 1680 2068 reci-

937 2079 1105 2114 tirenden
1125 2080 1314 2115 Verfasser
1339 2081 1433 2115 nach
1460 2091 1537 2125 cap.
1565 2085 1585 2115 9
1613 2093 1680 2114 nur

937 2127 996 2161 ein
1019 2128 1197 2171 ¹(Jauclium
1221 2128 1372 2162 volucre.

984 2175 1033 2208 act
1062 2174 1262 2219 voluptates
1292 2175 1457 2209 honestas
1482 2178 1588 2209 nato:
1621 2175 1680 2209 ein

937 2232 1008 2255 von
1028 2222 1127 2266 Aper
1151 2222 1221 2257 mit
1238 2222 1413 2257 Vorliebe
1436 2222 1681 2266 gebrauchter

936 2268 1146 2310 Ausdruck3
1181 2269 1296 2313 vergl.
1325 2280 1403 2314 cap.
1432 2273 1468 2303 5:
1494 2272 1605 2304 natas
1630 2270 1680 2304 ad

937 2315 1173 2360 eloquentiam
1216 2317 1357 2351 virilem
1400 2319 1431 2350 et
1468 2317 1680 2359 oratoriam,

939 2373 1016 2407 cap.
1047 2367 1105 2397 10:
1132 2364 1181 2398 acl
1200 2374 1367 2408 puynam
1386 2367 1492 2398 natos
1517 2364 1677 2398 lacertos.

983 2420 1057 2444 uon
1082 2412 1279 2454 pecuniae,
1313 2411 1410 2445 denn
1442 2410 1500 2445 die
1532 2411 1679 2446 Redner

935 2456 1079 2501 pflegen
1113 2458 1214 2492 reich
1249 2470 1292 2492 zu
1326 2458 1403 2493 sein
1439 2457 1567 2502 (vergi.
1603 2469 1678 2492 was

935 2515 1012 2549 cap.
1053 2508 1073 2539 8
1115 2504 1207 2539 iiber
1245 2505 1316 2540 den
1352 2505 1577 2539 Reichthum
1614 2505 1678 2540 des

935 2551 1130 2586 Marcellus
1161 2552 1237 2586 und
1269 2552 1332 2587 des
1359 2551 1505 2596 Crispus
1537 2552 1678 2587 erziihlt

933 2598 1051 2642 wird),
1065 2610 1139 2633 uon
1152 2600 1313 2641 orbitati,
1327 2599 1424 2634 denn
1438 2610 1524 2633 man
1538 2599 1677 2634 strebte

935 2646 1029 2680 nach
1055 2646 1119 2680 der
1145 2646 1263 2681 Gunst
1289 2646 1353 2681 der
1372 2646 1614 2682 Kinderlosen
1638 2646 1677 2680 in

935 2693 1000 2727 der
1013 2692 1212 2738 Hoffnung,
1234 2693 1285 2728 sie
1305 2706 1348 2728 zu
1367 2693 1527 2729 beerben
1547 2693 1675 2738 (vergl.

935 2740 1184 2784 Friedlttnder,
1210 2740 1495 2785 Dal-stellungen
1520 2753 1585 2776 aus
1612 2740 1677 2776 der

937 2787 1270 2832 Sittengeschichte
1296 2788 1408 2823 Rome
1434 2789 1459 2832 I,
1487 2801 1520 2833 p.
1549 2791 1641 2830 326).
