1828 3044
761 97 1052 139 -57—

130 203 282 249 vultus,
319 204 509 254 frequens
547 204 589 242 in
627 203 751 243 oculis
787 202 1030 242 consuetudo
1067 204 1316 246 contionum,
1355 214 1471 254 saepe
1502 205 1684 253 cognitae

129 259 266 312 populi
296 271 425 304 aures,
457 260 539 298 sive
569 259 862 298 accusationem
892 265 1122 310 susceperat
1152 260 1232 297 sive
1262 257 1546 304 defensionem,
1578 259 1685 298 solus

128 316 263 356 statim
294 321 333 354 et
362 325 465 354 unus
495 315 731 366 cuicumque
761 326 902 354 causae
931 326 1004 365 par
1035 321 1132 354 erat.
1170 325 1250 353 uno
1272 321 1312 353 et
1332 316 1521 353 vicesimo
1543 316 1685 354 aetatis

132 382 235 410 anno
272 370 314 410 L.
354 370 517 410 Crassus
562 370 601 412 C.
641 369 881 415 Carbonem,
929 371 1046 409 tertio
1087 377 1126 409 et
1165 370 1350 409 vicesimo
1389 370 1530 410 Caesar
1567 370 1684 409 Dola-

131 427 288 472 bellam,
319 426 443 465 altero
475 431 514 466 et
543 427 730 465 vicesimo
763 426 918 465 Asinius
948 426 1071 465 Pollio
1104 426 1144 466 C.
1177 426 1376 470 Catonem,
1407 438 1487 465 non
1517 426 1684 466 multum

132 487 258 522 aetate
303 481 540 522 antecedens
577 481 716 521 Calvus
753 481 954 521 Vatinium
996 483 1045 521 iis
1083 480 1330 521 orationibus
1370 480 1542 521 insecuti
1579 489 1683 527 sunt,

131 551 228 590 quas
258 538 376 577 hodie
406 549 562 589 quoque
593 549 682 576 cum
713 538 973 577 admiratione
1003 538 1184 588 legimus.

245 596 294 633 At
330 605 436 632 nunc
474 593 756 632 adolescentuli
793 595 920 633 nostri
960 593 1211 633 deducuntur
1248 595 1290 632 in
1322 593 1474 633 scholas
1503 595 1682 637 istorum.
1702 598 1756 636 35

132 650 200 701 qui
228 650 410 689 rhetores
438 655 648 694 vocantur;
681 661 779 701 quos
808 649 925 700 paulo
956 656 1046 689 ante
1077 650 1279 689 Ciceronis
1308 657 1486 701 tempora
1508 650 1686 689 extitisse

130 717 204 745 nec
242 705 435 757 placuisse
468 704 690 744 maioribus
719 706 866 745 nostris
895 717 943 744 ex
974 719 1020 745 eo
1050 706 1303 745 manifestum
1335 712 1414 751 est,
1455 706 1560 757 quod
1593 703 1683 757 [M.]

132 759 271 800 Crasso
301 767 340 800 et
369 760 540 800 Domitio
571 761 805 801 censoribus
835 760 1013 807 cludere,
1049 768 1093 801 ut
1123 763 1179 801 ait
1209 761 1361 806 Cicero,
1393 762 1529 801 ludum
1558 762 1686 812 impu-

132 816 287 857 dentiae
306 818 403 856 iussi
425 822 527 856 sunt.
572 817 654 862 sed,
686 823 730 856 ut
750 817 881 857 dicere
902 819 1165 862 institueram,
1189 817 1437 856 deducuntur
1457 819 1498 856 in
1520 817 1684 861 scholas,

130 875 172 912 in
211 872 354 924 quibus
390 885 469 912 non
507 873 623 912 facile
661 873 827 912 dixerim
863 879 1049 913 utrumne
1084 874 1194 912 locus
1225 875 1310 925 ipse
1342 886 1390 912 an
1421 873 1687 925 condiscipuli

133 940 182 968 an
213 940 338 979 genus
367 929 592 968 studiorum
622 929 710 980 plus
740 929 834 968 mali
864 931 1037 980 ingeniis
1067 930 1243 969 afferant.
1294 942 1384 969 nam
1414 931 1455 968 in
1480 929 1567 968 loco
1587 929 1685 968 nihil

130 985 392 1029 reverentiae,
422 983 574 1024 scilicet
602 986 644 1024 in
675 996 794 1035 quem
824 997 940 1025 nemo
970 987 1048 1025 nisi
1079 997 1202 1037 aeque
1233 985 1439 1037 imperitus
1468 986 1606 1031 intrat;
1645 987 1687 1024 in

132 1040 418 1092 condiscipulis
447 1040 545 1080 nihil
576 1041 792 1092 profectus,
823 1054 914 1081 cum
944 1043 1060 1092 pueri
1090 1043 1195 1081 inter
1226 1054 1371 1093 pueros
1400 1048 1439 1081 et
1460 1040 1687 1081 adolescen-

131 1097 204 1136 tuli
248 1098 353 1135 inter
397 1095 712 1136 adolescentulos
757 1099 844 1149 pari
882 1099 1094 1138 securitate
1132 1104 1171 1136 et
1210 1098 1339 1137 dicant
1380 1104 1419 1137 et
1452 1097 1686 1143 audiantur;

130 1153 238 1204 ipsae
269 1165 362 1192 vero
394 1153 700 1192 exercitationes
730 1165 870 1204 magna
902 1166 950 1193 ex
979 1160 1093 1206 parte
1125 1156 1360 1193 contrariae.
1406 1166 1548 1206 nempe
1580 1155 1686 1192 enim

178 1276 222 1312 L.
245 1276 398 1311 Crassus
418 1276 455 1312 C.
478 1276 686 1312 Carbonem.
723 1277 873 1313 Crassus

987 1279 1120 1322 paullo
1166 1282 1249 1313 ante
1293 1278 1474 1313 Ciceronis
1516 1281 1687 1322 tempora.

132 1323 252 1358 selber
276 1326 357 1368 sagi
382 1323 443 1358 bei
463 1323 537 1359 Cic.
565 1324 609 1359 de
631 1324 729 1359 Orat..
757 1329 789 1367 3,
817 1329 874 1369 20,

946 1325 985 1360 L.
1013 1325 1176 1360 Licinius
1203 1325 1349 1360 Crassus
1374 1325 1449 1359 und
1476 1325 1539 1361 Cn.
1562 1324 1687 1360 Domi-

133 1374 194 1404 74:
225 1371 289 1415 qui
313 1371 474 1405 omnium
498 1372 710 1407 maturrime
735 1372 784 1406 ad
801 1383 874 1416 pu·

132 1417 245 1452 blica-s
281 1427 411 1453 causas
449 1419 654 1453 accesserim
690 1429 874 1463 annosque

130 1468 241 1499 natus
271 1475 401 1499 unum
435 1468 472 1499 et
502 1466 669 1510 viyinti
693 1466 874 1500 nobilissi-

132 1522 228 1546 mum
269 1511 445 1546 hominem
481 1515 513 1546 et
549 1513 874 1556 eloquentissimum

131 1559 173 1593 in
192 1557 369 1593 iudicium
388 1559 556 1594 vocarint.
594 1559 668 1594 Der
687 1560 873 1604 Anklage-

132 1604 252 1649 grund
294 1605 342 1640 ist
377 1605 604 1641 unbekannt.
653 1606 720 1641 Die
757 1606 873 1651 Folge

132 1662 218 1695 war,
243 1651 326 1686 dass
347 1651 466 1687 Carbo
486 1652 524 1686 in
544 1652 603 1688 die
622 1652 876 1698 Verbannung

133 1699 223 1744 ging
247 1699 323 1733 und
348 1698 425 1733 sich
449 1699 604 1734 totitete.

182 1745 315 1781 Caesar
328 1745 567 1781 Dolabellam.
600 1746 734 1781 Caesar
746 1747 874 1791 klagte

131 1793 171 1827 in
191 1796 211 1827 3
231 1792 358 1827 Reden
378 1792 449 1828 den
470 1792 533 1828 Cn.
555 1793 745 1828 Cornelius
763 1794 874 1829 Dola-

132 1839 232 1874 bella
251 1851 295 1874 zu
314 1839 479 1874 Gunsten
500 1840 565 1874 der
583 1841 740 1876 Provinz
753 1841 873 1876 Mace-

133 1886 244 1921 donia
291 1886 579 1931 repetundariun
622 1898 686 1932 an,
735 1888 876 1923 konnte

132 1933 222 1968 aber
251 1933 356 1968 nicht
385 1933 558 1978 hindern,
593 1934 675 1969 dass
707 1935 772 1970 der
802 1946 875 1970 von

132 1980 350 2015 Hortensius
382 1980 458 2014 und
486 1980 596 2016 Cotta
627 1981 874 2027 vertheidigte

132 2027 327 2062 Dolabella
351 2027 649 2072 freigesprochen
674 2029 810 2064 wurde.

179 2074 335 2109 Asinius
347 2074 467 2109 Pollio
479 2074 517 2110 C.
528 2075 707 2112 Catonem.
727 2076 876 2111 Asinius

132 2120 260 2166 klagte
286 2121 356 2156 den
383 2121 420 2157 C.
443 2122 594 2157 Porcius
614 2122 716 2165 Cato,
743 2123 874 2158 Volks-

131 2167 259 2202 tribum
295 2172 357 2211 55,
395 2179 524 2213 wegen
562 2169 874 2215 Unregelm'assig-

132 2215 257 2250 keiten
299 2215 360 2250 bei
404 2215 469 2251 der
505 2215 787 2261 Gesetzgebung
822 2217 874 2252 im

136 2262 248 2297 Jahre
275 2266 319 2297 54
345 2272 401 2297 an.

180 2319 254 2344 non
301 2309 454 2344 multum
497 2313 611 2345 aetate
655 2311 874 2354 antecedens,

133 2355 248 2400 vergl.
292 2355 365 2391 Cic.
403 2356 506 2391 Brut.
547 2360 608 2400 21,
654 2360 715 2392 82:
760 2361 875 2393 aetate

127 2403 298 2447 paullum
322 2403 378 2438 his
403 2404 621 2438 antecedens.

182 2448 315 2484 Calvus
353 2449 553 2486 Vatinium.
597 2450 721 2496 Vergl.
755 2462 784 2486 c.
818 2455 874 2486 21.

134 2495 268 2531 Calvus
299 2495 444 2541 klagte,
484 2501 528 2531 24
555 2497 666 2532 Jahre
699 2498 768 2542 alt,
804 2498 875 2533 den

132 2542 304 2578 Vatinius
339 2543 391 2578 im
429 2544 540 2579 Jahre
577 2548 620 2579 58
658 2545 753 2580 nach
791 2545 875 2580 dem

132 2589 365 2624 Licinischen
419 2591 494 2624 und
549 2591 750 2627 Junischen
806 2592 874 2627 Ge-

134 2637 231 2671 setze
257 2647 314 2670 an.

181 2683 322 2727 insequi

133 2728 336 2781 verfolgen.

182 2779 221 2810 at
245 2786 344 2811 nunc
369 2787 489 2821 genau
513 2777 583 2812 wie
610 2789 639 2812 c.
667 2782 710 2814 29
736 2778 803 2813 in.:
836 2782 875 2813 at

133 2833 231 2858 nunc
255 2826 364 2858 natus
390 2823 516 2867 infans
540 2824 724 2870 cleleyatur
751 2836 781 2860 e.
798 2837 831 2869 q.
848 2838 873 2860 s.

439 2680 609 2727 διώκειν,
654 2685 875 2729 gerichtlich

945 1372 1019 1407 tius
1049 1372 1315 1407 Ahenobarbus
1349 1383 1472 1408 waren
1505 1372 1688 1407 Censoren

945 1419 997 1453 im
1023 1420 1135 1455 Jahre
1162 1423 1218 1454 92.

993 1493 1033 1524 ut
1070 1490 1124 1524 ait
1163 1490 1296 1533 Cicero,
1334 1490 1451 1525 dieses
1491 1489 1590 1524 Cita'c
1625 1489 1688 1524 be-

946 1536 1044 1571 zieht
1082 1537 1159 1571 sich
1197 1537 1263 1571 auf
1298 1537 1356 1572 die
1394 1537 1524 1572 WVorte
1563 1537 1690 1571 ludum

945 1583 1199 1628 impudentiae.
1244 1584 1368 1629 Vergl.
1403 1583 1475 1619 Cic.
1511 1583 1556 1618 de
1589 1583 1689 1618 Orat.

946 1634 978 1673 3,
1021 1634 1076 1674 24,
1115 1635 1170 1675 94,
1208 1642 1266 1666 wo
1304 1631 1453 1666 Crassus
1491 1633 1587 1675 sagt:
1625 1631 1691 1665 hoc

946 1688 1026 1712 cum
1056 1689 1171 1712 ‘elizam
1203 1678 1422 1720 traderetur,
1453 1681 1485 1712 et
1510 1688 1590 1712 cum
1614 1678 1691 1711 im-

941 1725 1186 1768 pudentiae
1235 1725 1367 1760 ludas
1410 1728 1512 1766 esset,
1555 1724 1691 1769 putavi

946 1781 1017 1806 esse
1042 1773 1208 1815 censoris,
1233 1783 1276 1807 ne
1303 1773 1445 1817 lonyius
1467 1772 1508 1806 id
1525 1774 1690 1816 serperet,

942 1819 1145 1862 providere.

994 1890 1068 1923 nisi
1093 1899 1202 1934 aeque
1227 1890 1414 1933 inmeritas
1438 1890 1573 1931 intrat‚·
1599 1888 1632 1922 d.
1653 1888 1688 1922 h.

947 1935 1071 1980 gleich
1101 1935 1339 1978 unerfahren,
1371 1936 1441 1971 wie
1468 1935 1689 1981 diejenigen,

946 1982 1087 2018 welche
1122 1983 1275 2018 drinnen
1311 1983 1403 2017 sind.
1447 1982 1593 2018 Ebenso
1623 1994 1690 2016 un-

946 2029 1118 2073 wissend,
1157 2030 1226 2064 wie
1265 2030 1325 2064 die
1362 2029 1517 2064 Knaben
1553 2030 1592 2064 in
1630 2029 1690 2064 die

948 2076 1081 2112 Schule
1109 2076 1307 2120 ein‘creten,
1343 2077 1462 2122 gehen
1488 2077 1546 2111 die
1574 2077 1690 2121 inng-

946 2123 1046 2168 linge
1073 2134 1137 2159 aus
1162 2124 1220 2158 ihr
1245 2124 1387 2159 hervor.

987 2194 1100 2236 pueri
1124 2194 1218 2228 inter
1230 2203 1365 2238 pueros
1384 2197 1416 2228 et
1436 2193 1692 2233 adolescentuli

947 2241 1042 2274 inter
1067 2240 1361 2283 adolescentulos,
1393 2240 1568 2275 wahrend
1594 2240 1691 2275 doch

947 2286 1006 2322 die
1044 2287 1198 2322 Knaben
1235 2299 1307 2323 von
1345 2288 1416 2322 den
1451 2287 1691 2332 Jfinglingen,

947 2333 1006 2368 (lie
1032 2333 1144 2369 ihnen
1164 2335 1386 2379 wenigstens
1406 2335 1443 2369 in
1463 2334 1692 2369 natiirlicher

946 2381 1180 2426 Ausbildung
1228 2393 1360 2416 vorans
1409 2381 1507 2425 sind,
1563 2381 1690 2416 lernen

946 2427 1129 2471 konnten,
1161 2428 1230 2463 wie
1261 2428 1299 2462 in
1332 2429 1402 2463 den
1434 2428 1534 2463 alten
1562 2427 1689 2463 Zeiten

947 2474 1011 2509 der
1055 2475 1271 2520 angehende
1309 2475 1455 2510 Redner
1493 2486 1565 2510 von
1604 2474 1689 2509 dem

946 2522 1112 2565 Meister,
1146 2533 1192 2556 an
1224 2522 1294 2557 den
1320 2534 1358 2557 er
1384 2522 1463 2556 sich
1488 2521 1687 2556 anschloss.

993 2602 1116 2636 nempe
1140 2593 1251 2626 enim:
1277 2592 1389 2626 denn
1416 2603 1453 2627 es
1477 2591 1625 2627 werden
1641 2592 1689 2636 ja

948 2638 1060 2673 doch
1095 2650 1128 2673 u,
1164 2650 1189 2673 s.
1222 2651 1265 2673 w.
1310 2649 1432 2683 nempe
1469 2638 1573 2673 dient
1608 2639 1690 2673 hier

947 2697 1010 2719 zur
1051 2684 1296 2730 Besettigung
1339 2685 1439 2720 einer
1481 2685 1689 2720 unzweifel-

946 2731 1076 2767 hasten
1103 2732 1321 2767 Thatsache.
1360 2732 1428 2767 Die
1447 2732 1690 2777 Verbindung

946 2789 1071 2822 nempe
1107 2780 1200 2813 enim
1235 2779 1281 2813 ist
1314 2782 1413 2814 sonst
1444 2779 1547 2814 nicht
1578 2779 1689 2814 nach-

947 2825 1112 2860 weisbar.
