1828 3044
788 61 1078 103 ..50-

153 172 263 210 11111111
307 170 448 208 artium
494 168 724 207 varietatem
771 166 1121 217 complecteretur.
1171 167 1304 216 itaque
1340 165 1474 205 hercle
1516 165 1556 204 in
1594 163 1712 203 libris

155 226 357 266 Ciceronis
394 222 693 274 deprehendere
732 222 826 261 licet
863 234 941 261 non
979 221 1239 273 geometriae,
1279 233 1357 260 non
1395 222 1588 265 musicae,
1632 231 1710 259 non

155 282 456 333 grammaticae,
495 291 573 318 non
612 278 783 328 denique
819 276 938 317 ullius
976 278 1071 317 artis
1105 278 1302 328 ingenuae
1341 278 1544 316 scientiam
1577 276 1612 315 ei
1643 274 1711 314 de·

155 338 287 377 fuisse.
338 336 405 375 ille
444 335 673 374 dialecticae
711 333 991 378 subtilitatem,
1031 333 1096 373 ille
1135 333 1298 372 moralis
1334 333 1459 384 partis
1489 331 1710 376 utilitatem,

154 394 222 433 1116
253 404 388 432 rerum
419 396 550 431 motus
579 401 793 441 causasque
824 396 1077 439 cognoverat.
1128 390 1181 428 ita
1213 394 1271 428 est
1301 389 1426 432 enim,
1458 388 1596 438 optimi
1627 387 1715 438 viri,

156 451 231 488 ita:
279 460 326 488 ex
373 447 492 487 multa
538 446 761 486 eruditione
799 451 838 485 et
876 445 1057 496 plurimis
1097 444 1250 484 artibus
1289 450 1328 484 et
1365 444 1541 483 omnium
1578 454 1712 482 rerum

157 505 322 544 scientia
372 503 542 543 exundat
587 508 626 542 et
673 500 864 541 exuberat
903 499 968 540 illa
1008 500 1254 540 admirabilis
1293 500 1539 551 eloquentia;
1583 509 1718 550 neque

157 561 327 600 oratoris
357 561 416 598 vis
448 565 485 598 et
505 558 682 602 facultas,
714 558 815 596 sicut
835 562 991 596 ceterae
1011 562 1132 604 artes,
1163 562 1361 596 certarum
1383 566 1517 594 rerum
1540 553 1716 604 angustis

158 623 197 657 et
226 615 411 655 brevibus
441 615 620 653 terminis
651 612 835 658 cluditur,
867 613 936 652 sed
968 614 1002 652 is
1032 619 1092 652 est
1121 619 1266 655 orator,
1298 613 1365 664 qui
1395 612 1443 650 de
1467 611 1574 650 omni
1596 620 1715 661 quae-

158 672 284 712 stione
315 671 480 723 pulchre
512 676 552 709 et
582 676 718 709 ornate
750 675 789 708 et
820 668 867 708 ad
889 669 1207 720 persuadendum
1228 673 1317 719 apte
1339 668 1473 707 dicere
1495 678 1568 718 pro
1590 664 1714 716 digni-

158 734 238 768 tate
276 739 434 772 rerum,
482 726 530 765 ad
570 724 778 765 utilitatem
816 731 1062 775 temporum,
1108 736 1199 764 curn
1236 724 1437 774 voluptate
1475 722 1716 762 audientium

90 786 141 825 31
160 784 295 836 possit.
347 783 422 822 hoc
459 781 536 821 sibi
574 780 632 821 illi
663 787 817 820 veteres
848 786 1149 832 persuaserant,
1191 780 1238 819 ad
1269 779 1344 819 hoc
1374 777 1623 818 efficiendum
1655 778 1716 816 in·

160 839 400 891 tellegehant
438 849 536 889 opus
567 849 652 876 esse
683 849 761 876 non
794 842 836 875 ut
867 837 906 874 in
938 836 1141 876 rhetorum
1173 835 1317 875 scholis
1347 835 1614 875 declamarent
1644 843 1717 872 nec

159 902 203 935 ut
232 895 334 935 fictis
364 906 438 933 nec
467 894 546 933 ullo
577 893 693 933 modo
724 892 771 932 ad
801 893 1008 932 veritatem
1039 890 1321 931 accedentibus
1342 890 1622 930 controversiis
1642 888 1717 928 lin·

159 963 276 1004 guam
306 949 423 990 modo
455 955 493 989 et
523 961 656 989 vocem
689 954 939 992 exercerent,
976 947 1048 987 sed
1080 953 1121 987 ut
1151 949 1201 987 iis
1231 946 1383 986 artibus
1412 952 1550 998 pectus
1579 944 1719 995 imple-

160 1013 271 1051 rent,
312 1007 349 1045 in
381 1005 526 1058 quibus
556 1004 606 1045 de
638 1004 750 1044 bonis
783 1016 826 1043 ac
858 1003 990 1049 malis,
1032 1003 1079 1043 de
1111 1003 1277 1043 honesto
1309 1009 1347 1042 et
1377 1003 1505 1053 turpi,
1537 1000 1586 1040 de
1616 1002 1720 1040 iusto

162 1070 200 1102 et
232 1065 379 1102 iniusto
410 1063 655 1113 disputatur;
687 1059 784 1100 haec
816 1061 919 1099 onim
952 1066 1012 1099 est
1041 1061 1190 1099 oratori
1220 1059 1398 1098 subiecta
1431 1058 1479 1096 ad
1509 1055 1719 1096 dicendum

161 1120 342 1159 materia.
389 1130 477 1157 nam
509 1118 548 1156 in
579 1117 740 1156 iudiciis
770 1117 856 1155 sere
888 1116 936 1155 de
968 1116 1185 1168 aequitate,
1218 1115 1256 1154 in
1288 1112 1641 1154 deliberationibus
1671 1112 1722 1151 de

162 1176 350 1223 utilitate,
389 1177 429 1213 in
467 1174 764 1213 laudationibus
802 1172 848 1211 de
887 1171 1093 1212 honestate
1135 1171 1386 1216 disserimus,
1427 1171 1480 1210 ita
1518 1174 1647 1208 tamen
1678 1173 1723 1207 ut

162 1231 398 1283 plerumque
430 1230 527 1270 hacc
557 1230 727 1269 inv1cem
759 1229 1021 1273 misceantur;
1053 1228 1101 1268 de
1134 1227 1278 1278 quibus
1308 1227 1464 1279 copiose
1496 1231 1534 1265 et
1554 1225 1660 1264 varie
1682 1230 1723 1263 et

164 1293 302 1327 ornate
333 1298 449 1326 nemo
480 1286 613 1325 dicere
644 1290 775 1337 potest
804 1285 882 1324 nisi
914 1286 980 1336 qui
1013 1285 1198 1334 cognovit
1228 1289 1410 1323 naturam
1440 1282 1651 1321 humanam
1683 1285 1724 1320 et

216 1424 268 1457 ita
300 1423 348 1457 ist
378 1422 597 1457 wiederholt
628 1422 682 1456 als
715 1420 907 1456 Ausdrnek

167 1469 230 1504 der
255 1469 503 1513 begeisterten
530 1469 733 1513 Erregung,
758 1468 796 1502 111
822 1467 907 1502 wel—

167 1517 253 1552 61161·
286 1516 351 1551 (161·
381 1527 453 1551 von
485 1515 623 1551 seinem
649 1514 908 1559 Gegenstancle

167 1563 360 1608 ergriffeue
391 1562 563 1598 Messalla
594 1562 673 1597 sich
705 1561 909 1605 ansehiekt,

166 1611 205 1645 in
237 1610 343 1646 einen
377 1610 543 1654 einzigen
577 1609 661 1644 Satz
693 1609 764 1643 (1611
795 1609 907 1643 Korn-

167 1657 288 1702 punkt
306 1657 425 1692 seiner
438 1657 664 1701 Erorterung
684 1666 908 1691 zusammen-

167 1703 343 1739 zufassen.
387 1703 456 1739 Die
487 1704 580 1738 feste
606 1703 910 1747 Ueberzeugung,

168 1751 251 1786 dass
284 1751 365 1785 eine
396 1749 628 1785 unifassende
660 1750 822 1794 Bildung
852 1750 911 1783 fiir

168 1798 239 1832 den
277 1797 425 1833 Redner
463 1796 704 1833 unerliisslich
743 1797 810 1839 sei,
849 1796 909 1832 be-

169 1845 313 1880 stimmt
333 1845 398 1879 11111
413 1844 527 1879 daher
540 1844 645 1887 auch,
666 1844 765 1878 diese
780 1843 910 1878 Wahr-

169 1891 249 1926 heit
287 1891 402 1926 durch
440 1891 518 1926 drei
555 1890 911 1936 gleiehbedcutende

170 1938 387 1973 Ausdriicke
425 1949 466 1973 so
503 1938 604 1973 stark
641 1938 710 1972 wie
748 1937 911 1982 moglich

171 1985 483 2028 hervorzuheben,
503 1985 540 2019 111
555 1985 673 2020 (1611611
683 1984 819 2029 jedoch
834 1984 915 2019 eine

174 2032 397 2077 Steigerung
416 2031 699 2067 unverkennbar
717 2031 776 2066 ist.
799 2052 841 2056 —
864 2031 916 2065 Zu

173 2079 259 2114 (16111
285 2077 487 2114 Gedanken
512 2079 627 2123 vergi.
651 2077 725 2113 Cic.
752 2078 797 2113 (16
824 2080 914 2113 orat.

176 2130 208 2169 1,
236 2130 268 2169 6,
295 2129 356 2161 20:
395 2126 522 2161 etenim
559 2136 603 2161 ex
640 2135 759 2160 rerum
797 2126 916 2170 coynt-

161 2174 270 2217 ,tione
301 2174 498 2216 efflorescat
524 2175 555 2207 et
580 2172 755 2207 redundet
781 2174 917 2216 oportet

174 2221 301 2254 oratio.

222 2270 401 2301 certarum
433 2276 553 2301 rernm
585 2278 614 2300 e.
649 2278 682 2310 q.
717 2279 763 2309 s.,
801 2266 915 2310 vergl.

177 2313 250 2349 Cic.
276 2313 320 2348 (16
342 2315 432 2348 orat.
456 2317 486 2357 1,
514 2317 567 2356 12,
595 2316 655 2347 52:
681 2323 766 2347 nam
786 2313 917 2357 siquis

177 2361 245 2395 erit
281 2361 344 2405 qai
381 2360 445 2395 hoe
482 2359 598 2402 (licat,
636 2370 706 2394 esse
742 2360 917 2404 quasdam

177 2410 362 2442 oratorum
388 2407 563 2451 proprias
593 2407 787 2442 sententias
813 2409 918 2451 atque

178 2464 308 2489 causas
327 2457 365 2489 et
384 2455 916 2496 certarnmrernmforen-

178 2501 300 2536 sibus
344 2501 559 2536 cancellis
600 2501 917 2544 circumscrip-

179 2551 263 2582 tam
290 2548 477 2583 scientiam
504 2559 533 2582 e.
554 2560 587 2592 q.
609 2561 636 2582 s.
674 2548 725 2581 Zu
744 2547 828 2583 dem
849 2546 919 2582 Ge-

181 2594 326 2629 danken
358 2595 567 2639 verglciehe
604 2594 648 2630 (16
681 2597 770 2629 orat.
801 2599 830 2637 1,
866 2598 919 2638 16,

183 2644 243 2676 70:
269 2645 318 2676 est
343 2642 436 2676 enim
460 2642 638 2685 finitimas
659 2642 798 2677 oratori
813 2644 919 2686 poeta

183 2707 239 2730 —,
264 2689 305 2723 in
329 2688 393 2723 hoc
411 2692 501 2724 certe
513 2698 630 2733 prope
648 2688 753 2731 idem,
778 2688 920 2724 nullis

182 2738 222 2769 nt
253 2736 454 2770 terminis
486 2736 823 2771 circumscribat
855 2738 919 2770 ant

180 2781 333 2824 definiat
364 2783 422 2817 ius
451 2793 572 2826 sunm,
603 2783 796 2827 quominus
821 2783 852 2817 ez'
878 2783 920 2818 le·-

982 1423 1075 1463 ceat,
1107 1420 1226 1455 eadem
1258 1420 1323 1454 illa
1355 1419 1529 1462 facultate
1559 1420 1591 1453 et
1616 1418 1724 1462 eopia

980 1468 1111 1512 vayari
1136 1478 1209 1511 qna
1233 1467 1327 1501 velit.
1372 1470 1405 1509 2,
1431 1469 1463 1509 2,
1491 1470 1528 1500 5:
1561 1465 1644 1500 bene
1669 1464 1724 1499 (li-

982 1524 1055 1549 eere
1081 1517 1216 1556 antem,
1241 1512 1336 1558 qnod
1362 1516 1410 1548 est
1435 1512 1585 1547 scienter
1609 1514 1641 1546 et
1659 1521 1722 1555 pe-

981 1562 1049 1596 rite
1074 1563 1106 1595 et
1130 1563 1257 1595 ornate
1281 1560 1409 1602 dicere,
1434 1569 1508 1594 non
1532 1558 1636 1594 habet
1655 1558 1723 1593 cze-

981 1608 1165 1651 finitam
1196 1608 1358 1652 aliquam
1389 1607 1584 1651 reqionem,
1620 1605 1726 1641 euius

983 1655 1186 1690 terminis
1210 1657 1365 1698 saepta
1390 1656 1563 1688 teneatur.

1031 1702 1079 1736 acl
1104 1702 1297 1736 utilitatem
1322 1703 1531 1744 temporum,
1556 1699 1590 1734 (1.
1611 1699 1646 1734 h.
1673 1699 1725 1733 im

984 1748 1160 1784 Hiubliek
1191 1748 1257 1783 auf
1279 1748 1350 1782 den
1376 1748 1536 1790 Nutzen,
1569 1746 1640 1781 (1611
1666 1745 1726 1780 die

982 1795 1250 1841 jedesmaligen
1276 1793 1552 1830 Zeitumsti‘tnde
1579 1793 1725 1838 gewith-

985 1854 1059 1886 ren,
1080 1854 1187 1878 wenn
1207 1843 1259 1878 sie
1279 1841 1471 1886 geschickt
1485 1840 1728 1885 ausgebeutet

985 1890 1142 1925 werden.

1031 1940 1072 1972 nt
1110 1936 1204 1971 nach
1242 1946 1332 1980 opus
1366 1937 1415 1970 est
1449 1935 1497 1970 ist
1531 1935 1611 1970 61116
1644 1933 1728 1969 sehr

989 1984 1128 2019 soltene
1154 1981 1423 2018 Construction.

1034 2031 1129 2073 fictis
1159 2050 1205 2055 —
1240 2028 1508 2064 controversiis:
1545 2027 1727 2072 Beispiele

990 2077 1093 2122 giebt
1118 2077 1291 2112 Messalla
1317 2087 1395 2121 cap.
1423 2079 1467 2110 35
1493 2076 1584 2110 extr.

1035 2124 1121 2159 haee
1145 2125 1240 2159 enim
1265 2126 1314 2158 est
1339 2123 1477 2158 oratori
1501 2121 1660 2157 subiecta
1679 2120 1729 2156 cal

990 2171 1179 2207 dicendum
1217 2171 1388 2213 materia,
1424 2168 1538 2213 vei-gl.
1570 2167 1643 2204 Cic.
1682 2167 1728 2203 (16

991 2221 1082 2253 orat.
1108 2222 1139 2262 2,
1166 2221 1222 2261 27,
1250 2222 1334 2252 116:
1369 2217 1423 2252 acl
1447 2215 1729 2260 probandam

990 2269 1108 2301 autem
1145 2265 1279 2309 duplex
1322 2267 1382 2300 est
1419 2263 1593 2298 oratori
1628 2261 1729 2297 sub-

989 2313 1103 2348 iecta
1127 2312 1340 2346 materies.

1037 2370 1123 2394 nam
1147 2360 1187 2394 in
1212 2359 1372 2394 indiciis.
1418 2357 1542 2401 Vei-gl.
1569 2357 1629 2391 die
1654 2357 1727 2391 Α11-

991 2406 1173 2450 inerkung
1197 2417 1239 2440 zu
1264 2405 1449 2440 suasoriae
1474 2415 1551 2449 cap.
1579 2407 1635 2438 35.

1037 2454 1090 2488 ita
1123 2456 1241 2488 tamen
1265 2456 1316 2486 at.
1360 2451 1484 2495 Vergl.
1511 2462 1540 2485 c.
1571 2454 1632 2486 16:
1664 2451 1731 2485 ita

992 2503 1133 2535 tamen
1158 2503 1205 2535 nt
1223 2500 1366 2543 utrique
1384 2498 1590 2542 superstites
1608 2500 1731 2541 essent,

993 2547 1067 2582 und
1094 2557 1170 2591 cap.
1195 2550 1255 2581 38:
1281 2547 1346 2580 ita
1372 2548 1512 2580 tamen
1537 2547 1584 2580 ut
1608 2545 1732 2579 omnia

992 2595 1033 2629 z'n
1057 2594 1149 2637 foro,
1174 2593 1297 2629 omnia
1316 2592 1463 2636 legibus,
1489 2592 1611 2628 omnia
1630 2591 1732 2636 apud

987 2644 1172 2685 praetores
1196 2643 1413 2684 uererentur.

1039 2688 1113 2723 nisi
1138 2688 1201 2732 qni
1225 2687 1388 2731 connovit
1413 2688 1585 2722 naturam
1609 2684 1732 2720 hunia-

993 2745 1078 2770 nam
1111 2737 1142 2770 et
1174 2734 1244 2768 vim
1269 2735 1445 2768 virtutum
1470 2743 1499 2768 e.
1528 2745 1561 2777 q.
1589 2743 1614 2766 s.
1659 2730 1733 2766 Der

993 2781 1185 2816 Ausdruck
1217 2780 1328 2825 steigi
1361 2790 1445 2816 vom
1477 2778 1734 2824 Allgemeinen
