1828 3044
758 62 1050 104 -13-

124 171 284 211 omissis
321 171 546 210 orationum
584 174 624 208 et
661 180 869 208 causarum
907 167 1048 207 studiis
1087 178 1202 206 omne
1238 172 1395 218 tempus
1425 166 1543 206 modo
1574 168 1680 206 circa

126 226 315 271 Medeam,
348 237 440 265 ecce
460 237 567 265 nunc
588 225 695 264 circa
715 224 926 276 Thyestem
948 224 1180 263 consumas?
1211 235 1301 262 cum
1322 229 1361 262 te
1382 228 1440 262 tot
1461 224 1682 262 amicorum

118 294 282 328 -causae,
312 287 372 321 tot
401 281 646 321 coloniarum
679 285 718 319 et
747 281 1057 331 municipiorum
1088 277 1292 319 clientelae
1314 276 1506 318 in‘forum
1527 285 1680 324 vocent,

125 338 269 391 quibus
299 339 359 377 vix
390 338 608 382 suffeceris,
640 338 758 375 etiam
789 337 822 375 si
853 348 932 375 non
962 348 1107 375 novum
1137 335 1209 375 tibi
1231 335 1312 386 ipse
1333 336 1536 386 negotium
1559 335 1682 387 impo-

123 395 294 440 misses,
335 398 378 433 ut
407 394 622 433 Domitium
654 397 693 432 et
723 391 929 437 Catonem,
962 391 1002 431 id
1035 397 1096 430 est
1124 397 1279 431 nostras
1310 403 1466 442 quoque
1496 391 1683 431 historias

124 456 166 490 et
194 447 376 489 Romana
406 451 565 507 nomina
597 449 879 488 Graeculorum
910 447 1055 488 sabulis
1086 449 1355 499 aggregares.'

238 507 288 545 Et
306 506 528 545 Maternus:
560 504 834 556 ‘perturbarer
864 504 938 543 hac
968 509 1033 543 tua
1064 506 1288 546 severitate,
1321 505 1398 543 nisi
1429 504 1617 555 frequens
1645 503 1725 542 et4

126 561 283 602 assidua
327 561 443 600 nobis
489 562 688 600 contentio
738 561 815 599 iam
860 572 984 612 prope
1030 561 1072 599 in
1117 560 1447 599 consuetudinem
1487 560 1681 601 vertisset.

125 630 217 658 nam
247 630 320 657 nec
351 623 394 657 tu
425 619 576 667 agitare
607 622 646 656 et
676 617 835 669 insequi
867 622 1001 668 poetas
1031 617 1274 661 intermittis,
1310 621 1348 655 et
1371 628 1458 667 ego,
1491 618 1555 656 cui
1578 616 1682 656 desi-

125 674 228 713 diam
249 674 549 713 advocationum
571 673 725 717 obiicis,
749 673 1021 724 quotidianum
1042 672 1114 711 hoc
1133 673 1395 723 patrocinium
1413 672 1683 712 defendendae

124 729 311 769 adversus
341 735 379 768 te
411 731 589 781 poeticae
621 741 801 768 exerceo,
850 740 927 779 quo
954 729 1080 768 laetor
1100 730 1226 779 magis
1247 728 1419 767 oblatum
1442 728 1558 768 nobis
1579 729 1683 768 iudi-

125 797 232 831 cem,
273 787 342 838 qui
380 798 442 824 me
481 785 541 825 vel
572 787 613 824 in
644 786 821 825 futurum
853 790 958 824 vetet
989 796 1126 824 versus
1157 784 1307 830 facere,
1348 785 1428 830 vel,
1470 785 1573 836 quod
1604 787 1682 825 iam

124 841 279 893 pridem
318 847 422 893 opto,
462 853 530 881 sua
562 854 716 893 quoque
755 841 986 880 auctoritate
1018 839 1246 891 compellat,
1288 847 1331 880 ut
1361 841 1519 880 omissis
1549 842 1683 880 foren-

125 899 227 937 sium
267 910 472 937 causarum
511 899 724 948 angustiis,
763 899 804 936 in
844 897 988 947 quibus
1018 898 1114 936 mihi
1146 898 1240 936 satis
1271 909 1469 949 superque
1502 897 1683 937 sudatum

123 954 205 999 est,x
230 956 470 993 sanctiorem
499 954 604 993 illam
638 959 676 992 et
707 954 972 1004 augustiorem
1005 953 1271 1004 eloquentiam
1302 953 1458 993 colam.’

237 1010 332 1061 ‘Ego
373 1011 498 1054 vero,'
545 1011 675 1062 inquit
720 1009 946 1054 Secundus,
994 1013 1218 1061 ‘antequam
1258 1022 1319 1049 me
1369 1010 1538 1049 iudicem
1577 1012 1725 1062 Aper5

123 1071 300 1111 recuset,
339 1067 501 1111 faciam,
543 1065 646 1118 quod
678 1065 793 1117 probi
824 1071 863 1105 et
894 1066 1087 1105 moderati
1119 1065 1274 1105 iudices
1305 1065 1452 1111 solent,
1485 1071 1528 1105 ut
1560 1067 1599 1104 in
1630 1068 1682 1105 iis

124 1122 422 1174 cognitionibus
451 1134 492 1161 se
522 1128 731 1173 excusent,
763 1124 804 1161 in
835 1122 979 1173 quibus
1010 1122 1265 1161 manifestum
1296 1127 1355 1161 est
1386 1122 1547 1162 alteram
1581 1122 1682 1172 apud

124 1191 192 1218 eos
222 1184 374 1230 partem
405 1180 529 1228 gratia
562 1179 804 1229 praevalere.
851 1180 940 1229 quis
971 1179 1075 1217 enim
1097 1180 1225 1218 nescit
1247 1180 1445 1217 neminem
1469 1179 1564 1217 mihi
1589 1190 1683 1218 cou-

122 1236 361 1294 iunctiorem
399 1246 487 1274 esse
527 1241 565 1273 et
604 1247 675 1273 usu
714 1235 907 1273 amicitiae
949 1240 986 1273 et
1019 1235 1246 1274 assiduitate
1280 1234 1532 1274 contubernii
1564 1247 1682 1287 quam

121 1382 244 1418 Grade
289 1382 365 1417 also
408 1382 556 1418 hjndert
594 1383 652 1417 die
691 1385 863 1418 ununter-
986 1383 1247 1418 Graeculorum
1283 1383 1527 1424 veriichssicln
1567 1383 1681 1428 vergl.

123 1429 306 1465 brochene
333 1430 622 1475 Beschiiftigung
657 1430 725 1464 mit
752 1431 864 1475 jenen

124 1477 345 1522 Tragiidien,
372 1477 484 1512 deren
509 1477 558 1511 du
582 1477 704 1521 liingst
724 1478 865 1512 hattost

124 1523 363 1568 iiberdriissig
388 1524 464 1559 sein
491 1524 617 1567 sollen,
644 1524 729 1559 dich
749 1524 863 1565 nicht,

121 1571 230 1606 deine
251 1582 363 1616 ganze
379 1571 458 1606 Zeit
471 1571 558 1605 bald
573 1571 638 1606 auf
649 1572 707 1606 die
722 1571 864 1614 Medea,

123 1617 211 1652 bald
222 1618 288 1652 auf
295 1618 366 1653 den
378 1618 557 1662 Thyestes
569 1631 611 1652 zu
622 1619 841 1653 verwenden
849 1623 864 1652 ἱ)

123 1665 196 1699 Das
233 1675 307 1700 ‘non-
344 1665 483 1699 saticmt
517 1665 661 1699 enthalt
697 1666 865 1709 zugleich

124 1712 183 1747 ein
202 1722 276 1746 mm
295 1712 482 1754 deterrent,
503 1712 549 1746 da
563 1712 627 1747 der
641 1712 866 1747 Ueberdruss

124 1770 197 1794 von
224 1759 288 1794 der
313 1759 556 1803 Fortsetzung
581 1759 773 1794 derselben
799 1759 864 1794 Be-

123 1806 362 1851 schaftigung
386 1806 616 1841 abschreckt.

75 1858 78 1862 '
171 1854 280 1895 circa,
306 1854 401 1888 auch
421 1864 498 1898 cap.
522 1858 576 1895 28,
604 1853 641 1887 in
662 1854 779 1888 dieser
800 1854 864 1888 Be-

123 1900 290 1945 deutung
315 1902 391 1935 erst
414 1900 466 1934 im
486 1900 669 1935 silbernen
691 1900 866 1935 Zeitalter

124 1947 397 1992 gebrauchlich.

170 1995 273 2030 modo
307 1995 406 2029 cirea
442 1995 625 2038 Medeam,
662 2005 735 2029 ecce
768 2006 866 2029 nunc

121 2042 224 2076 circa
257 2041 453 2087 Thyestem.
492 2042 612 2077 Wenn
644 2042 703 2077 die
732 2041 865 2076 Ueber—

124 2088 307 2133 lieferung
350 2090 567 2124 unversehrt
610 2090 674 2131 ist,
719 2089 865 2123 werden

123 2135 204 2170 hier
234 2135 312 2170 vier
338 2135 548 2180 Tragodien
574 2136 637 2171 des
661 2136 866 2171 Maternus:

123 2182 266 2226 Medea,
282 2181 472 2227 Thyestes,
487 2183 671 2218 Domitius
685 2183 760 2217 und
775 2183 866 2218 Cato

124 2230 301 2264 erw'zihnt.
336 2230 393 2264 Da
418 2230 506 2265 aber
532 2231 596 2265 der
615 2230 806 2264 Ausdruck
827 2241 866 2265 so

125 2276 301 2322 gehalten
331 2277 396 2321 ist,
435 2277 516 2312 dass
549 2289 585 2312 es
617 2278 775 2319 scheint,
814 2277 867 2311 als

124 2323 178 2358 sei
195 2323 384 2359 Maternus
403 2324 471 2359 mit
490 2325 589 2359 allen
608 2325 686 2359 viel·
705 2324 867 2359 XVerken

125 2383 170 2405 zu
203 2370 395 2406 derselben
431 2372 511 2406 Zeit
545 2371 771 2416 beschaftigt
806 2383 866 2415 ge-

125 2428 256 2459 wesen,
271 2429 311 2453 so
325 2418 406 2453 sind
417 2418 607 2454 vielleicht
620 2421 728 2453 unter
736 2418 867 2453 Medea

126 2464 202 2499 und.
221 2465 399 2509 Thyestes
424 2465 484 2500 die
503 2466 637 2501 beiden
656 2465 867 2501 bekannten

126 2511 338 2556 Tragodien
358 2512 421 2547 des
442 2512 537 2547 Ovid
557 2513 632 2547 und
652 2513 715 2548 des
735 2513 868 2547 Varius

126 2571 171 2593 zu
195 2559 398 2603 verstehen,
428 2560 566 2595 welche
593 2561 688 2595 auch
714 2571 793 2605 cap.
824 2564 865 2594 1-2

127 2616 199 2640 von
225 2606 413 2641 Maternus
438 2607 492 2642 als
516 2607 778 2642 Musterwerke
806 2619 865 2652 ge-

126 2655 243 2687 nannt
272 2653 430 2688 werden.
474 2654 581 2689 Danu
615 2655 664 2689 ist
696 2654 789 2689 oben
825 2666 867 2688 zu

126 2699 334 2735 schreiben:
365 2702 524 2745 sequenti
553 2702 762 2736 recitatione
793 2702 867 2736 Do-

125 2747 251 2782 mitius
276 2747 377 2782 dicet.

174 2794 356 2837 suffeceris
376 2795 629 2830 coniunctivus
641 2795 867 2841 potentialis.

939 1442 1016 1475 cap.
1045 1434 1084 1464 ‘22
1111 1431 1211 1474 Aper
1232 1452 1273 1455 —
1295 1431 1537 1466 contemnebat
1557 1432 1683 1475 potius

940 1478 1080 1511 litteras
1105 1489 1213 1522 quam
1239 1478 1426 1512 nesciebat.

986 1525 1127 1568 agitare
1144 1529 1175 1559 et
1188 1526 1346 1569 insequi:
1368 1525 1465 1559 Zwei
1479 1536 1680 1570 synonyma

939 1572 1059 1606 finden
1099 1572 1176 1606 sich
1213 1572 1251 1606 in
1290 1572 1407 1606 dieser
1446 1572 1583 1607 Schrift
1621 1572 1681 1607 be-

939 1619 1086 1653 sonders
1130 1619 1255 1663 hiiufig
1293 1619 1521 1661 verbundeiu
1568 1620 1681 1664 vergl.

940 1677 1017 1710 cap.
1060 1670 1097 1699 1:
1142 1667 1312 1701 memoria
1356 1670 1387 1700 et
1425 1667 1681 1701 recordatione.

940 1724 1018 1757 cap.
1034 1716 1071 1746 2:
1098 1713 1304 1747 industriae
1323 1716 1354 1747 et
1375 1713 1520 1751 labori-s.
1548 1725 1626 1758 cap.
1643 1718 1680 1748 4:

938 1760 1107 1804 frequens
1132 1764 1163 1795 et
1190 1761 1350 1795 assidua.

987 1807 1229 1849 defendendae
1260 1808 1432 1842 adversus
1464 1811 1495 1841 te
1521 1808 1683 1851 poeticae

939 1854 988 1888 ist
1013 1854 1067 1888 als
1093 1855 1393 1898 epexegetischer
1413 1855 1571 1889 Genetiv
1596 1855 1681 1890 dem

939 1901 1248 1945 vorangehenden
1274 1902 1525 1945 patrocinium
1556 1902 1681 1936 hinzu-

939 1948 1080 1992 gefiigt.

985 2006 1053 2029 sua
1079 2006 1216 2039 quoque
1242 1996 1458 2030 auctoritate
1477 1997 1682 2040 compellat.-

939 2043 1126 2077 Maternus
1140 2042 1278 2077 konnte
1291 2053 1363 2077 von
1374 2043 1458 2077 dem
1470 2045 1682 2078 vertrauten

939 2089 1106 2124 Frounde
1139 2090 1201 2124 des
1234 2089 1374 2124 Saleius
1406 2090 1537 2124 Bassus
1570 2092 1613 2133 (c.
1647 2093 1681 2135 5)

940 2137 1045 2171 einen
1080 2137 1158 2170 ihm
1190 2136 1264 2170 und
1298 2137 1421 2171 seinen
1447 2137 1683 2182 Dichtungen

940 2184 1137 2228 giinstigen
1173 2183 1596 2229 Schiedsiichtersprueh
1629 2196 1681 2220 er-

940 2233 1091 2265 warten.

987 2281 1179 2322 (fictequam
1222 2278 1291 2312 mit
1335 2278 1417 2312 dem
1463 2278 1683 2323 Conjunetiv

940 2325 1020 2360 hier
1045 2325 1271 2369 vollstiindig
1306 2325 1428 2369 gleich
1454 2325 1574 2360 ciuem
1600 2337 1681 2370 pro-

940 2372 1122 2407 hibitiven
1148 2383 1202 2406 ue.

987 2430 1022 2454 se
1047 2422 1231 2453 excusent.-
1261 2419 1342 2453 ‘das
1362 2419 1593 2454 Richteramt
1618 2419 1682 2454 ab·

941 2466 1107 2508 lehnen‚'
1142 2466 1200 2501 ein
1223 2466 1454 2510 juristischer
1478 2466 1681 2501 Ausdruck.

941 2513 988 2550 Es
1026 2513 1105 2558 galt
1136 2514 1190 2547 als
1223 2513 1305 2547 eine
1336 2513 1587 2557 Elirenpflicht
1619 2514 1682 2548 des

939 2560 1119 2603 Richbem,
1141 2560 1217 2595 sein
1237 2560 1460 2604 befangenes
1473 2560 1683 2605 Hinneigen

940 2620 983 2642 zu
1028 2608 1092 2642 der
1135 2607 1242 2641 einen
1285 2607 1408 2642 Partei
1452 2618 1524 2642 von
1566 2607 1682 2642 freien

942 2654 1116 2697 Stiicken‚
1138 2655 1233 2689 ohne
1254 2654 1335 2689 eine
1350 2655 1506 2699 etwaige
1522 2655 1681 2689 Zuriick-

940 2701 1105 2746 weisung
1136 2701 1269 2736 seitens
1300 2701 1364 2736 der
1396 2702 1533 2736 andern
1559 2702 1683 2737 Partei

941 2749 1191 2790 abzuwarten,
1230 2748 1284 2783 als
1322 2749 1683 2794 Excusationsgmnd

943 2795 1092 2839 geltend
1119 2807 1161 2829 zu
1187 2796 1353 2830 macheu.
